1852 2730
575 156 689 212 4023
724 157 739 208 (
770 163 798 195 0
832 151 848 214 )
881 153 1420 209 seza-11

141 274 365 320 voluentes.
428 274 673 318 Huiusmodi
714 281 851 317 autem
889 268 1163 315 formularum
1199 266 1422 325 complica·

143 343 300 384 tiorum
354 341 571 392 euoiutio,
622 351 752 392 quum
808 345 948 394 parrum
1002 338 1203 379 frustuosu
1251 335 1328 382 sit,
1379 342 1422 376 et

143 418 346 462 practerea
398 407 472 446 vix
534 406 613 446 rite
661 404 902 446 adumbrari·
939 402 1086 456 possit,
1153 399 1228 442 nist
1279 398 1419 441 omnia

145 471 422 523 phaenomena
459 467 728 509 formularum
763 480 863 521 quae
896 465 1003 507 binas
1042 477 1200 509 tantum
1243 463 1420 506 variabi-

142 533 198 573 les
234 532 453 572 inuoluunt
486 541 666 573 accurate
700 533 848 572 fuerint
883 531 1112 583 explicata;
1146 534 1253 576 hunc
1286 531 1328 570 in
1363 526 1418 568 fi-

141 608 235 636 nem
270 595 416 637 lllustr.
451 596 612 637 Austor
649 593 822 646 singulas
855 603 982 646 partes
1003 624 1015 643 ‚
1065 608 1168 649 quae
1199 592 1420 649 expreffio-

140 669 234 700 nem
270 671 344 714 pro
377 661 604 702 variatione
637 657 838 699 formulae
862 654 941 706 [Ζ
959 655 1027 697 dx
1059 660 1338 709 ingrediuntur
1371 657 1419 698 ad

140 735 312 766 examen
345 736 527 766 reuocare
562 721 663 765 vtile
695 722 825 764 duxit.
908 719 1017 761 Huic
1049 731 1186 762 autem
1241 721 1420 774 explica-

142 788 246 828 tioni
282 788 442 830 demum
478 787 683 829 subiunxit
717 784 1024 828 dilucidationes
1073 785 1260 839 quasdam
1312 784 1421 825 circa

139 863 285 893 cui-uas
319 854 490 894 maximi
530 851 749 893 minimiue
783 850 1033 907 proprietate
1082 850 1307 904 praeditas,
1360 848 1421 890 id-

138 927 218 968 que
250 929 300 958 eo
335 918 487 970 potiori
523 928 618 956 cum
656 916 744 955 iure
766 945 779 966 ,
831 915 939 968 quod
975 914 1063 954 vsus
1098 913 1244 956 calculi
1289 913 1424 955 varia-

139 980 304 1020 tionum
340 981 552 1035 imprimis
588 981 627 1021 in
662 979 901 1020 huiusmodi
955 979 1250 1032 quaestionibus
1301 978 1422 1020 resol-

139 1044 310 1097 vendis,
343 1045 392 1086 sit
427 1045 602 1098 insignis.
667 1045 927 1100 Quaestiones
960 1053 1097 1083 autem
1131 1043 1178 1084 de
1217 1043 1415 1084 maximis

138 1117 179 1149 et
218 1109 405 1148 minimis
438 1110 480 1149 in
514 1111 643 1150 varias
676 1109 855 1150 distribui
889 1107 1050 1159 possunt
1084 1106 1246 1159 clames,
1292 1115 1415 1162 prout

136 1171 286 1213 scilicet
318 1174 497 1226 aequatio
529 1186 603 1225 pro
639 1175 822 1214 maximo
856 1171 921 1211 vel
955 1171 1167 1222 minimo,
1217 1170 1283 1211 vel
1324 1170 1419 1212 fini·

138 1245 176 1276 ta
228 1236 313 1285 est,
364 1236 430 1277 vel
471 1236 751 1278 differenti-‚ilia
788 1236 949 1290 primi,
1000 1236 1157 1277 secundi
1191 1244 1260 1275 aut
1294 1236 1418 1277 altio-

138 1311 232 1341 rum
270 1301 467 1352 graduum
504 1301 700 1344 inuoluat.
768 1300 1073 1343 Animaduertit
1097 1310 1234 1341 autern
1259 1301 1411 1342 lllussr.

136 1364 327 1415 Autstor,
376 1365 483 1420 quod
545 1366 892 1421 quemadmodum
927 1377 1002 1418 pro
1032 1366 1163 1417 prima
1199 1364 1309 1405 claffe
1344 1377 1412 1405 ae-

132 1429 275 1482 quatio
310 1432 480 1472 omnino
513 1433 567 1474 est
600 1433 895 1483 determinata,
946 1441 987 1470 et
1021 1424 1142 1470 c'urua
1177 1429 1412 1471 huiusmodi

132 1493 694 1546 quaestionibussatisssfacienS,
730 1509 808 1538 non
829 1495 946 1536 detur
967 1494 1039 1535 nisi
1073 1495 1216 1547 mica,
1247 1495 1302 1535 ita
1338 1506 1415 1548 pro

123 1557 303 1611 -reliquis
340 1560 517 1601 claffibus
550 1572 677 1602 certas
711 1560 917 1613 praescribi
955 1559 1200 1600 conditiones
1221 1590 1232 1610 ,
1266 1568 1313 1600 vt
1347 1559 1413 1600 de·

138 1623 352 1663 terminata
386 1623 571 1676 affignari
606 1623 723 1680 poffit
754 1638 881 1667 curua
916 1623 1135 1677 quaestioni
1159 1624 1413 1675 satisfaciens,

133 1695 276 1737 easque
309 1694 420 1726 tanto
455 1688 620 1740 plures,
650 1700 798 1743 quanto
829 1688 1079 1732 sublimioris
1109 1689 1257 1739 gradus
1290 1687 1411 1728 diffe-

135 1748 325 1787 renti-alia
361 1749 541 1790 inuoluit
576 1752 752 1793 formula
797 1753 973 1793 maximi
1007 1760 1047 1789 et
1084 1751 1265 1790 minimi.
1348 1748 1414 1792 Sic

134 1823 210 1865 pro
261 1811 423 1852 secunda
473 1812 619 1864 classe,
672 1814 738 1853 vbi
792 1812 1070 1855 differentialia
1105 1812 1232 1865 primi
1267 1813 1414 1863 gradus

134 1875 411 1917 inuoluuntur
431 1907 442 1928 ,
475 1874 571 1918 haec
607 1876 880 1931 praescribitur
913 1875 1094 1918 conditio
1116 1906 1128 1925 ,
1181 1886 1228 1917 vt
1262 1888 1412 1918 curuae

130 1938 239 1981 inter
276 1952 372 1993 quas
408 1942 589 1982 maxima
622 1942 781 1996 exquiri
813 1942 956 1991 debet,
989 1952 1060 1993 per
1090 1941 1177 1980 data
1195 1940 1277 1982 duo
1295 1951 1406 1982 tran-

129 2003 208 2044 seat
242 2005 384 2058 puncta
405 2033 416 2055 ‚
451 2018 526 2060 pro
561 2008 677 2047 tertia
712 2016 846 2048 autem
879 2006 991 2048 claffe
1028 2016 1128 2058 quae
1162 2005 1406 2046 differentia-

133 2065 189 2108 lia
221 2069 377 2111 secundi
413 2070 561 2122 gradus
591 2070 794 2121 inuoluit,
826 2072 987 2126 insuper
1021 2069 1321 2123 praescribitur,
1360 2078 1408 2112 vt

129 2129 240 2173 datae
275 2134 353 2177 sint
388 2142 590 2190 tangentes
620 2147 841 2180 curuarum
877 2136 920 2176 in
942 2133 1052 2176 datis
1083 2132 1149 2176 his
1177 2134 1351 2191 punstis.

781 2201 806 2243 b
842 2215 866 2242 2
1318 2197 1398 2241 111.
