1852 2730
234 1658 319 1694 Tab.
349 1659 407 1693 ῙΧ.

234 1712 304 1756 ug.
335 1721 414 1745 101v

431 179 526 221 394
830 163 945 204 DE
1010 161 1281 202 MOTV

424 283 658 326 strumentis
692 278 904 332 longitudo
955 286 996 316 ct
1043 273 1175 326 figura
1227 274 1316 315 tubi
1368 274 1598 328 plurimum
1644 278 1697 318 ad

425 351 507 390 10.ιί
546 350 786 400 grauitatem
825 341 1067 388 consciunt,
1119 340 1175 379 ita
1225 348 1271 380 vt
1307 335 1373 380 hic
1408 349 1578 394 Vtraque
1611 342 1695 383 soni

426 418 536 453 caula
571 410 691 451 fimul
725 416 968 449 concurrere
1002 404 1188 446 videatur
1211 433 1223 454 ‚
1267 405 1590 458 qnandoquidem
1623 405 1698 447 ho·

431 489 524 516 rum
564 476 926 514 instrumentorum
972 480 1048 520 ope
1099 480 1180 508 non
1232 480 1375 509 omnes
1425 470 1485 510 sed
1538 478 1699 511 tantum

426 540 522 583 certi
555 539 635 577 soni
673 538 824 576 ratione
859 533 1073 587 grauitatis
1109 532 1172 574 edi
1207 533 1381 586 possunt,
1417 535 1488 588 qui
1524 535 1702 589 plerum-

427 615 505 657 que
537 602 738 641 rationem
775 609 1042 639 numerorum
1085 611 1131 649 1,
1153 610 1175 636 2
1192 628 1203 649 ‚
1228 608 1276 647 3,
1297 611 1347 651 4,
1373 612 1392 648 5
1416 610 1488 640 etc.
1526 598 1703 640 naturali

428 668 572 708 ordine
608 664 961 717 progredientium
999 663 1106 702 inter
1139 664 1175 702 se
1211 671 1360 704 tenent.
1425 664 1546 720 Quod
1578 662 1702 719 phae-

427 742 634 772 nomenon
666 740 759 770 cum
795 728 920 769 etiam
958 725 999 765 in
1037 726 1142 766 tibiis
1182 725 1554 779 obseruauerimus,
1607 726 1703 768 hinc

427 796 564 848 potius
599 794 922 834 concludendum
958 789 1122 831 videtur
1154 790 1343 833 sonorum
1379 804 1400 831 a
1444 793 1578 843 tubis,
1610 792 1703 832 buc-

428 860 561 908 cinis,
604 858 791 898 cornibus
823 867 893 897 ete.
933 854 1137 895 editorum
1172 856 1326 896 causam
1368 853 1442 896 effe
1492 857 1669 896 mixtam
1691 884 1706 907 ,

429 934 471 964 et
508 923 655 975 purtim
693 923 731 961 in
766 921 898 961 sonitu
935 921 1122 972 primum
1162 918 1322 971 inflato,
1357 920 1504 972 partim
1540 921 1581 960 in
1615 919 1705 972 agi-

431 990 585 1028 tatione
620 987 742 1026 totius
772 987 871 1024 aeris
902 984 944 1023 in
980 981 1041 1022 his
1076 983 1178 1023 tubis
1203 985 1379 1025 contenti
1401 985 1535 1037 quaeri
1555 985 1703 1025 debere.

431 1053 591 1092 Verum
628 1051 724 1103 quia
758 1047 980 1088 Theoriam
1020 1057 1156 1087 motus
1187 1051 1286 1088 aeris
1320 1049 1396 1089 vix
1436 1048 1564 1090 adhuc
1608 1048 1704 1091 liba·

428 1116 569 1156 vimus
593 1147 603 1166 ,
641 1115 873 1168 plurimum
911 1109 1043 1151 adhuc
1076 1111 1201 1163 abest,
1236 1114 1449 1167 quominus
1485 1113 1704 1166 perfeetum

429 1178 583 1220 horum
619 1179 810 1219 sonorum
847 1175 1161 1228 explicationem
1186 1177 1338 1230 sperare
1358 1188 1557 1230 queamus.
1592 1177 1705 1230 Quin

430 1245 568 1296 potius
604 1243 644 1281 in
681 1241 744 1291 iis,
777 1252 871 1292 quae
911 1241 1039 1290 prima
1075 1238 1196 1278 huius
1232 1252 1360 1279 nouae
1394 1241 1572 1279 scientiae
1595 1239 1704 1289 prin-

431 1306 537 1356 cipia
572 1305 682 1343 nobis
717 1304 950 1355 largiuntur
973 1331 983 1350 ,
1016 1303 1256 1352 acquiescere
1291 1302 1511 1352 debemus,
1546 1301 1704 1341 vberio-

432 1379 520 1409 rem
555 1369 830 1417 cognitionem
872 1372 960 1402 tum
996 1363 1161 1403 demum
1215 1364 1496 1416 expectaturi,
1545 1364 1703 1419 quando

433 1443 521 1472 eam
557 1431 764 1473 scientium
804 1430 931 1480 magis
967 1428 1151 1468 excolere
1184 1425 1360 1468 licuerit.

757 1535 1194 1598 Problema
1281 1555 1378 1614 90.

593 1640 677 1668 120
711 1626 753 1669 Si
789 1630 827 1669 in
861 1626 1090 1667 huiusmodi
1127 1626 1223 1666 tu'uo
1257 1621 1524 1677 hyperbolico
1557 1621 1708 1665 Ath

436 1691 631 1744 vtrinque
664 1703 803 1744 aperto
836 1702 902 1730 aer
940 1690 995 1730 itu
1030 1690 1077 1730 de
1113 1691 1209 1730 statu
1245 1689 1468 1742 aequilibrii
1519 1688 1708 1729 deturbe-

438 1768 505 1796 tur
527 1787 537 1804 ‚
576 1767 621 1796 vt
655 1758 738 1796 eius
771 1754 846 1797 sol-„1
881 1753 1047 1795 densitas
1083 1753 1162 1794 fine
1200 1752 1287 1793 vllo
1324 1764 1439 1794 motu
1492 1754 1672 1793 varietur
1699 1782 1711 1803 ,

440 1831 601 1861 motum
640 1819 939 1860 oscillatorium
961 1849 972 1869 ,
1016 1817 1083 1872 qui
1117 1818 1300 1871 deinceps
1335 1818 1376 1856 in
1411 1816 1508 1859 tubo
1541 1826 1705 1869 genera·

438 1884 550 1925 bitur
573 1915 584 1935 ‚
616 1883 797 1926 definire.

891 1982 1249 2042 Solutio.

589 2072 650 2113 Sit
685 2069 704 2110 I
738 2082 925 2113 centrum
963 2069 1235 2125 hyperbolae,
1272 2080 1322 2110 cx
1357 2080 1429 2121 qua
1484 2068 1600 2108 tubus
1649 2067 1703 2109 cst

438 2135 664 2188 formatum,
698 2145 738 2175 et
775 2136 901 2189 posita
939 2135 1076 2190 pune‘ti
1110 2134 1150 2174 ia
1185 2134 1278 2174 tubo
1311 2144 1511 2184 vtcunque
1543 2131 1704 2172 affilmti

1521 2195 1707 2238 Sdistan-
