1852 2730
237 189 532 240 GEOCENT.
571 185 857 237 TEMPORE
894 185 1240 236 TRANSITVS.
1308 199 1401 246 682

113 303 198 362 quo
251 309 399 351 limbus
445 308 491 349 ad
543 306 664 348 filum
717 304 973 349 horizontale
1022 306 1223 363 appellit,
1276 308 1391 352 facile

49 415 51 417 .
115 374 331 426 colligitur
364 374 540 415 altitudo
575 385 668 414 vera
700 373 836 414 centri
874 375 1040 413 Veneris
1075 374 1134 415 isti
1181 383 1394 414 momento

117 442 384 490 respondens,
418 449 499 488 quo
535 437 610 480 hoc
641 448 831 480 centrum
870 448 939 490 per
973 436 1095 477 filum
1138 438 1396 479 horizontale

113 501 358 557 Quadrantis
392 500 580 543 transtisse
612 503 868 544 obseruatum
902 502 968 542 est.
1032 501 1075 543 Si
1107 505 1218 543 enim
1254 503 1397 544 distan-

114 567 173 606 tia
205 578 297 607 vera
328 566 457 607 centri
495 565 601 608 Solis
632 579 653 607 a
690 565 846 608 Zenith
886 566 1043 605 dicatur
1096 567 1160 616 D,
1210 565 1394 609 semidia-

118 639 246 671 meter
298 629 401 672 Solis
451 637 484 667 Δ
535 640 576 670 et
628 631 845 684 parallaxis
897 630 1123 670 altitudinis
1179 643 1253 684 pro
1303 630 1396 673 Sole

116 705 173 743 π,
223 705 312 735 tum
368 705 466 734 vero
518 706 594 748 pro
645 693 809 736 Venere
843 693 1038 734 statuatur
1079 695 1263 735 distantia
1308 696 1395 737 eius

115 768 212 799 vera
265 773 286 800 a
342 755 494 799 Zenith
549 769 734 812 tempore
785 757 973 812 appulsus
1019 757 1120 801 :d
1166 768 1207 797 et
1260 759 1398 810 paral·

119 820 223 862 laxis
255 836 307 862 z
327 837 353 862 α
377 834 433 870 π.
464 822 651 863 retractio
683 832 820 863 autem
856 821 1061 862 altitudini
1097 823 1304 875 apparenti
1332 822 1402 863 ob-

114 885 288 928 seruatae
322 887 562 940 respondens
595 898 770 940 ponatur
803 899 855 925 z
876 898 930 935 r,
963 886 1139 926 omnino
1173 885 1303 939 liquet
1337 886 1399 926 di-

119 949 305 991 stantiam
340 961 603 1003 apparentem
640 951 755 992 limbi
789 949 892 993 Solis
924 965 945 992 a
988 948 1142 991 Zenith
1196 949 1270 991 esse
1323 961 1402 1003 pro

119 1022 307 1065 tempore
342 1016 399 1055 sui
436 1015 625 1069 appulsus
669 1030 722 1057 :z
743 1015 786 1056 D
804 1038 846 1045 —
871 1022 903 1051 Δ
923 1036 964 1042 -
984 1026 1006 1053 r
1024 1021 1066 1059 -l—
1089 1028 1143 1064 π,
1196 1013 1402 1067 similique

122 1077 279 1118 ratione
329 1078 555 1119 distantiam
624 1088 893 1133 apparentem
962 1077 1091 1117 centri
1148 1077 1318 1116 Veneris
1377 1087 1401 1116 a

126 1136 285 1182 Zenith
359 1151 542 1193 tempore
610 1142 801 1182 transitus
852 1153 923 1194 per
977 1140 1094 1181 filum
1147 1139 1404 1180 horizontale

121 1216 174 1244 ’.τ
196 1204 224 1244 d
245 1227 279 1234 —
302 1218 325 1246 r
345 1212 387 1252 4-
409 1218 436 1244 α
455 1217 512 1255 π,
563 1218 691 1257 quum
743 1205 872 1258 igitur
924 1204 998 1246 liae
1046 1206 1249 1245 distantiae
1287 1204 1405 1257 plane

120 1279 347 1321 congruant
383 1297 396 1318 ,
444 1271 728 1320 consequimur
780 1270 878 1310 d:
898 1268 996 1310 D—
1015 1279 1106 1308 Δ-
1126 1276 1179 1321 (α
1200 1291 1239 1299 -
1266 1267 1361 1319 ι)π
1389 1297 1402 1320 ,

119 1333 250 1386 sicque
284 1344 336 1372 ex
368 1338 457 1372 data
491 1332 704 1374 altitudine
738 1346 833 1374 vera
867 1334 991 1374 centri
1025 1333 1159 1382 Solis,
1213 1333 1399 1373 eius-<tem

122 1399 327 1439 diametro
360 1406 399 1436 et
431 1396 659 1436 differentia
694 1397 801 1437 inter
853 1396 1078 1448 parallaxes
1127 1396 1402 1437 altitudinum

125 1461 296 1502 Veneris
327 1469 370 1499 et
403 1457 509 1500 Solis
558 1460 755 1512 cognita,
805 1460 918 1501 facile
968 1459 1178 1499 inuenitur
1231 1459 1404 1498 altitudo

122 1535 219 1567 vera
254 1524 384 1563 centri
421 1524 602 1572 veneris,
638 1536 712 1576 pro
746 1534 929 1575 tempore
952 1535 1036 1575 quo
1055 1534 1124 1575 per
1145 1522 1262 1562 filum
1287 1521 1402 1561 hori-

122 1588 284 1631 zontale
320 1585 508 1629 transtisse
539 1590 794 1628 obseruatum
829 1587 895 1628 est.
972 1586 1063 1627 lam
1103 1586 1232 1637 igitur
1266 1594 1403 1625 totum

125 1663 338 1704 negotium
373 1665 422 1693 eo
454 1653 589 1702 redit,
640 1660 686 1690 vt
718 1661 768 1690 ex
804 1652 890 1690 data
926 1648 1181 1702 longitudine
1223 1659 1262 1688 et
1313 1647 1405 1688 alti-

126 1721 265 1758 tudine
302 1717 472 1757 Veneris
506 1727 583 1768 pro
613 1716 708 1756 dato
740 1725 926 1768 tempore
961 1711 1288 1764 Orenburgenst,
1342 1713 1405 1752 in-

127 1781 346 1832 vestigetur
379 1780 466 1821 eius
499 1779 705 1820 Latitudo.
787 1779 852 1819 Ad
890 1778 1012 1818 huius
1049 1778 1307 1818 Problematis
1342 1788 1405 1816 re-

125 1845 368 1886 solutionem
403 1843 573 1886 sufficiet
606 1843 731 1885 modo
779 1844 1001 1893 consueto,
1056 1855 1130 1895 pro
1179 1845 1272 1881 dato
1328 1840 1406 1882 hoc

130 1919 318 1961 tempore
349 1919 540 1961 quaerere
577 1907 874 1960 longitudinem
911 1919 952 1947 et
1002 1906 1259 1947 altitudinem
1321 1905 1407 1948 No-

132 1971 352 2023 nagefimi3
387 1972 416 2013 fi
451 1973 561 2012 enim
596 1972 640 2014 N
663 1972 779 2014 ’ΨΜ
815 1972 935 2012 fuerit
970 1971 1158 2023 teliptica
1181 2001 1191 2019 ‚
1228 1968 1271 2009 N
1307 1983 1408 2025 pun·

126 2037 240 2078 (tum
288 2035 586 2089 Nonagefimi‚
622 2034 784 2078 HZN
821 2036 1002 2076 circulus
1040 2035 1281 2077 Latitudinis
1337 2048 1406 2086 per

127 2098 282 2142 Zeuith
318 2095 357 2140 Z
387 2110 427 2141 et
457 2099 780 2153 Nonagesimum
803 2100 994 2141 transiens
1016 2130 1027 2147 ,
1063 2102 1243 2151 itemque
1264 2098 1405 2148 ΠῼΜ

128 2164 277 2207 similis
324 2164 500 2206 circulus
549 2176 623 2221 per
671 2162 814 2208 locum
873 2166 1041 2205 veneris
1073 2162 1101 2213 ῼ
1140 2162 1330 2206 transiens
1362 2173 1405 2205 et

736 2230 774 2272 R
794 2240 814 2269 r
833 2240 853 2270 r
874 2238 893 2270 r
931 2242 957 2271 2
1244 2227 1406 2282 eclipti-

1435 1856 1523 1893 Tab.
1536 1856 1604 1892 XX.

1437 1911 1465 1944 F
1468 1911 1511 1954 ig.
1541 1919 1573 1953 3.
