1852 2730
409 207 477 250 44
835 192 950 246 »2023
983 192 1002 244 <
1036 203 1063 232 0
1096 191 1117 245 )
1151 190 1268 242 &avam

1005 301 1102 362 111.

414 421 514 486 De
558 422 1053 508 Hermaphrodito
1099 421 1170 480 ad
1215 421 1418 481 sexum
1470 420 1692 484 virilem

874 512 1222 590 pertinente.

512 644 778 704 Αυᾶοῑει
841 644 886 704 Ι.
935 640 1242 723 Lepechin
1282 660 1412 723 pag.
1465 660 1591 718 525.

509 816 668 869 gregiae
697 816 994 859 obseruationes
1024 817 1146 869 sunt,
1199 826 1245 858 et
1273 829 1377 872 quae
1410 830 1490 858 non
1534 818 1696 872 possunt

539 893 620 922 non
668 881 912 933 gratissimae
958 880 1030 921 effe
1084 881 1366 935 physiologis,
1433 894 1529 930 quas
1579 881 1690 925 Clar.

406 945 572 987 Auctor
604 946 645 986 in
681 944 1078 988 haeDiffertatione
1114 949 1354 987 Academiae
1407 949 1690 988 communica·

406 1009 486 1050 vit.
571 1009 615 1050 Si
661 1009 767 1054 nibil
799 1010 907 1052 aliud
943 1023 1013 1065 per
1051 1010 1438 1065 hermaphroditum
1476 1011 1693 1052 intellexe-

406 1073 500 1123 ris,
530 1084 656 1127 quam
691 1075 939 1125 hominem,
987 1076 1058 1127 qui
1094 1077 1200 1115 inter
1235 1086 1421 1115 naturam
1469 1076 1689 1115 femineam

405 1146 450 1177 et
483 1138 706 1178 masculam
739 1148 834 1177 vere
868 1138 1070 1188 ambigit,
1103 1138 1168 1178 hic
1199 1148 1303 1179 certe
1325 1167 1341 1187 2
1391 1150 1512 1190 quem
1548 1139 1693 1179 descri-

405 1210 529 1254 ptum
566 1210 787 1249 tenemus,
818 1198 1183 1253 hermaphroditus
1215 1203 1303 1243 fuit.
1387 1202 1476 1242 Hoc
1506 1202 1591 1242 solo
1629 1215 1690 1242 re-

404 1264 541 1317 spestu
578 1264 613 1304 ei
637 1289 650 1313 ,
687 1275 734 1305 vt
768 1266 931 1305 caeteris
963 1263 1148 1306 hactenus
1184 1267 1226 1306 in
1261 1265 1414 1306 scenam
1449 1266 1656 1318 produffis
1677 1298 1688 1317 ,

406 1340 559 1369 nomen
597 1327 700 1370 illud
734 1330 921 1381 denegari
954 1331 1139 1382 poterit,
1174 1329 1203 1370 si
1240 1328 1457 1370 hominem
1491 1329 1690 1383 postules,

408 1392 479 1446 qui
514 1391 657 1435 officio
690 1403 864 1446 vtroque
886 1425 901 1445 ,
946 1394 1124 1435 femineo
1153 1403 1192 1433 et
1229 1392 1404 1434 masculo
1436 1406 1513 1446 pro
1555 1395 1689 1436 lubitu

407 1457 451 1496 in
489 1456 655 1508 negotio
687 1457 962 1509 generationis
997 1459 1113 1510 fungi
1149 1456 1277 1511 poffit.
1354 1458 1442 1498 Hoc
1478 1459 1588 1498 enim
1625 1472 1690 1500 re-

405 1519 542 1573 spestu
581 1531 666 1561 mas
700 1521 770 1562 ille
804 1522 917 1573 fuit,
965 1523 1028 1564 sed
1065 1534 1198 1563 tamen
1234 1522 1356 1575 probe
1387 1522 1691 1574 distinguendus

405 1596 488 1624 non
522 1587 649 1628 modo
681 1598 702 1626 a
736 1586 898 1626 feminis
932 1586 1020 1627 illis
1049 1599 1149 1640 quae
1203 1590 1257 1628 ob
1306 1587 1437 1627 solam
1489 1589 1689 1628 maiorem

406 1647 642 1691 clitoridem
667 1680 679 1700 ,
716 1652 951 1691 membrum
985 1651 1108 1692 virile
1141 1652 1408 1692 mentientem
1431 1682 1442 1701 ‚
1476 1652 1689 1692 immerito

405 1721 448 1754 et
484 1711 564 1754 fine
597 1712 682 1755 vlia
716 1715 829 1755 causa
872 1727 947 1769 pto
999 1714 1351 1768 hermaphroditis*
1398 1714 1550 1755 habitae
1603 1718 1691 1755 fue·

406 1784 537 1825 runt,
591 1777 654 1818 sed
688 1778 813 1817 etiam
850 1790 870 1818 a
937 1779 1146 1830 maribus,
1193 1790 1374 1831 quorum
1427 1778 1592 1821 testiculi
1643 1779 1688 1818 in

406 1838 622 1879 abdomine
655 1842 805 1879 retenti
839 1841 1018 1894 aliquam
1051 1843 1291 1882 ouariorum
1329 1840 1499 1891 speciem
1536 1840 1684 1880 retule-

406 1910 519 1942 runt.
604 1900 797 1943 Scrotum
833 1905 966 1944 nostro
999 1902 1159 1945 homini
1195 1902 1544 1953 longitudinaliter
1578 1904 1687 1944 diui-

406 1966 498 2006 sum
533 1974 619 2006 erat
653 1966 695 2005 in
727 1966 828 2006 duos
860 1967 1033 2008 sacculos
1067 1966 1260 2018 oblongos
1282 1998 1293 2016 ‚
1347 1968 1449 2006 rima
1491 1969 1686 2021 profunda

407 2028 626 2079 distfflstos,
658 2041 836 2083 quorum
870 2033 1039 2085 quisque
1073 2034 1182 2072 suum
1220 2031 1450 2072 testiculum
1481 2032 1685 2072 interdum

409 2093 666 2143 continebat,
716 2105 757 2134 et
808 2095 878 2147 qui
933 2100 1192 2139 extremitate
1235 2097 1300 2136 sua
1338 2095 1533 2136 anteriori
1570 2096 1684 2148 supra

408 2155 518 2200 basin
546 2159 660 2215 penis
693 2159 1070 2211 coniungebantur,
1121 2161 1250 2214 adeo,
1303 2168 1350 2200 vt
1393 2159 1533 2202 sacculi
1587 2159 1685 2199 labia

1527 2233 1684 2268 maiora
