1852 2730
355 225 594 275 SALMO
646 226 1157 274 LEVCICHTHYS.
1302 246 1392 287 535

113 345 303 388 secundus
336 353 375 385 et
427 348 592 399 quintus
632 344 854 400 apopljaefium
909 343 1090 386 laeuium
1146 344 1399 397 longissima-

113 425 206 453 rum
244 410 380 461 vinco,
416 412 557 451 tertius
590 420 629 450 et
664 421 828 462 quirtus
865 409 1016 463 duplici
1036 409 1174 452 ordine
1195 409 1394 466 instruffi‚

114 476 396 530 posterioribus
430 474 470 515 in
506 475 627 516 tertio
679 473 1005 528 obsoletiffiinis,
1056 475 1098 516 in
1147 483 1293 528 quarto
1341 477 1397 522 sat

116 539 403 581 eminentibus,

268 643 428 686 Dorsum
461 642 701 685 Iatiffimum
723 678 733 697 ,
768 645 914 698 vbique
948 657 1216 696 conuexum3
1259 652 1396 686 venter

116 721 136 748 :1
174 709 456 750 branclnarum
492 711 690 749 foramine
710 712 756 750 ad
788 711 929 764 pinnas
950 711 1148 751 ventrules
1170 710 1396 764 planiuscu-

117 773 213 825 lus,
244 775 291 815 ab
324 773 417 814 hinc
450 775 497 815 ad
532 773 698 812 eandem
732 775 787 814 sat
822 786 1060 823 conuexu53
1115 774 1242 814 latera
1279 773 1401 826 plano

115 851 301 879 connexa
321 871 333 890 ,
365 837 459 879 linea
491 838 665 878 lateralis
699 839 823 889 reeca,
854 838 972 878 dorso
1005 837 1264 890 aliquantum
1300 847 1404 890 pro-

113 903 205 956 pior
240 915 362 957 quam
399 904 530 943 ventri
559 932 570 952 ‚
629 904 825 956 dorioque
859 901 1082 958 paralle1215
1110 901 1289 953 squamae
1325 912 1401 955 pro

118 966 228 1007 mole
263 968 379 1022 piscis
408 965 514 1008 haud
551 968 646 1009 adeo
682 979 849 1018 magnae
872 998 885 1017 ‚
918 967 1183 1007 subrotundae
1205 997 1215 1016 ‚
1263 965 1406 1005 imbri·

115 1042 221 1072 eatae
244 1062 257 1083 ,
290 1032 418 1073 laeues
438 1063 448 1082 ‚
480 1031 620 1084 vbiquc
652 1041 845 1082 argenteo
878 1031 1088 1084 splendore
1120 1029 1318 1079 nitentes,
1356 1031 1400 1070 in

115 1096 230 1136 dorso
263 1108 283 1136 a
320 1109 443 1137 muco
473 1106 644 1146 cutaneo
679 1096 744 1137 sub
778 1095 955 1147 squamis
987 1095 1108 1146 nigro
1142 1094 1400 1141 canescentes,

116 1159 278 1213 punc'tis
322 1162 449 1212 nigris
491 1161 641 1213 vbique
692 1160 890 1200 irroratae
913 1189 924 1208 ‚
963 1158 1024 1199 sed
1060 1159 1102 1198 in
1137 1166 1279 1199 ventre
1314 1158 1397 1197 im-

118 1224 369 1273 maculatae3
407 1235 503 1264 anus
535 1226 678 1263 caudae
715 1224 851 1264 multo
888 1227 1072 1276 propior,
1106 1234 1230 1274 quam
1263 1220 1402 1276 capiti,

115 1289 309 1343 proxime
340 1298 431 1327 ante
468 1291 636 1340 pinnam
672 1287 738 1326 ani
761 1318 774 1338 ‚
806 1296 995 1340 apertura
1026 1286 1194 1339 duplici.

266 1386 411 1428 Pinnae
442 1386 603 1445 dorsales
640 1388 754 1439 duae,
786 1389 912 1442 prima
945 1399 1041 1429 vera
1077 1389 1117 1429 in
1142 1388 1280 1428 medio
1311 1399 1404 1428 cor-

119 1452 228 1504 poris
263 1451 335 1494 sita
357 1483 368 1501 ,
402 1454 534 1505 pinnis
567 1452 812 1494 ventrahbus
848 1451 1061 1493 tantillum
1095 1453 1272 1494 anterior
1293 1482 1305 1502 ,
1350 1461 1402 1491 ex

122 1513 309 1554 albic-anti
344 1516 505 1567 punffis
537 1518 664 1567 nigris
698 1517 939 1566 fuscescens,
974 1518 1094 1558 radiis
1132 1516 1364 1573 quindecim
1387 1545 1400 1565 ‚

122 1589 300 1629 quorum
336 1590 509 1630 quatuor
547 1581 671 1632 primi
707 1581 876 1630 integri,
911 1579 1057 1634 reliqui
1091 1584 1203 1634 apice
1235 1579 1402 1627 ramofi,

120 1641 284 1694 primns
320 1642 549 1691 minimus;
594 1642 753 1689 secunda
797 1643 928 1695 spuria
950 1673 961 1691 ,
1011 1646 1166 1697 adiposa
1191 1675 1203 1694 ,
1252 1643 1403 1693 crassa,

121 1705 384 1758 subdiaphana
409 1736 423 1756 ,
472 1703 635 1755 hyalina
658 1735 670 1754 ,
721 1706 880 1759 punffis
918 1707 1042 1757 nigris
1073 1708 1247 1762 adspersa
1270 1738 1283 1759 ‚
1335 1707 1403 1761 in‘.

123 1779 234 1821 tegra
257 1800 269 1821 ,
301 1781 427 1824 parua
449 1800 460 1820 ‚
491 1770 635 1822 pinnae
668 1771 734 1809 ani
774 1769 967 1825 opposita.

271 1863 415 1908 Pinnae
444 1864 658 1919 pestorales
692 1869 961 1920 acuminatae,
998 1869 1117 1918 albae,
1153 1883 1258 1924 pone
1278 1869 1406 1912 bran·

127 1929 319 1972 chiarum
353 1931 537 1971 foramen
573 1931 666 1972 sitae
688 1963 698 1979 ‚
733 1933 852 1974 radiis
886 1934 1194 1987 quatuoxdecim
1217 1966 1229 1987 ,
1259 1935 1412 1990 primo·

125 1996 287 2047 integro
309 2023 321 2045 ,
351 1992 516 2048 reliquis
549 1995 730 2037 ramosis.

277 2095 418 2137 Pinnae
468 2096 669 2138 ventrales
716 2098 757 2138 in
814 2098 950 2139 medio
1001 2099 1215 2141 abdomine
1239 2132 1252 2153 ,
1299 2109 1405 2156 pone

127 2159 349 2216 pectorales
383 2158 504 2211 fitne,
536 2162 805 2216 rotundatae,
853 2162 960 2204 albae
1012 2168 1244 2206 antrorsum
1297 2167 1404 2208 fusco

126 2225 336 2280 punctatae
355 2255 368 2277 ‚
398 2221 532 2280 {radiis
565 2228 753 2270 vndecim
774 2259 787 2283 ‚
838 2228 976 2285 primo
1008 2229 1202 2284 integro;
1250 2227 1401 2272 accedit

1280 2295 1403 2349 supra
