1852 2730
433 143 525 189 336
831 140 945 181 DE
1013 137 1289 183 MOTV

425 252 596 294 densitas
650 252 844 294 mercurii
897 253 1053 292 mitate
1104 252 1338 294 exhibeatur
1380 284 1392 304 ‚
1461 266 1502 297 et
1555 270 1628 310 pro
1681 257 1704 298 b

426 318 593 360 det‘sitas·
626 321 726 357 a'e'ris
761 317 950 356 scribatur
973 346 984 365 ,
1035 314 1124 354 inde
1162 327 1267 368 patet
1305 317 1378 356 hos
1411 318 1520 358 sonos
1557 323 1704 371 partim

425 381 471 420 ab
506 382 739 421 elasticitate
772 381 877 418 a'e'tis
914 378 1086 430 pendere
1124 392 1276 431 partim
1312 382 1356 420 ab
1406 382 1492 421 eius
1534 384 1706 424 densita-

426 454 490 483 te:
527 446 580 484 ita
619 454 663 482 vt
699 443 829 483 maior
861 441 1071 482 elasticitas
1107 442 1246 484 sonum
1278 446 1510 486 acutiorem
1545 452 1707 500 redeat,

427 508 558 547 maior
595 517 694 546 vero
727 504 899 546 densitas
930 506 1179 558 grauiorem.

845 619 889 677 C
914 634 951 671 0
977 616 1142 673 roll
1229 638 1276 691 3.

577 706 650 742 62.
688 702 729 744 Si
765 704 848 743 tubi
900 704 1122 756 longitudo
1166 704 1220 746 -s1t
1272 706 1393 747 vnius
1449 708 1595 761 pedis,
1660 708 1711 748 ob

422 766 445 809 k
465 779 517 806 z
542 778 659 808 1000
682 768 768 820 ped.
802 766 970 819 singulis
1006 770 1178 810 minutis
1197 771 1376 811 secundis
1397 773 1566 812 edentur
1593 784 1708 812 1000

421 829 718 882 oscillatione53
773 840 813 870 et
851 845 873 872 a
911 833 1011 873 tubo
1048 833 1318 885 longitudinis
1353 840 1375 875 8
1413 837 1564 886 pedum
1618 841 1705 882 ης

419 894 721 944 ustulationes,
764 895 833 935 cui
876 908 1054 938 numero
1090 898 1300 951 respondet
1335 900 1451 938 sonus
1485 900 1523 938 in
1561 899 1709 938 instru-

419 958 571 999 mentis
607 958 768 999 musicis
803 959 940 1001 littera
973 960 1009 1002 C
1045 962 1214 1002 indicari
1250 962 1403 1003 solitus.
1486 962 1593 1006 Hinc
1635 973 1711 1014 pro

420 1024 568 1075 quouis
618 1023 713 1062 sono
761 1023 920 1066 musico
968 1025 1192 1078 longitudo
1245 1027 1329 1069 tubi
1380 1027 1512 1081 aperti
1544 1025 1710 1068 consoni

419 1085 606 1138 affignari
640 1086 780 1141 potest.
1032 1090 1035 1091 ⁷

783 1195 825 1253 S
847 1217 880 1254 c
900 1196 944 1255 h
972 1197 1048 1260 ol
1076 1199 1092 1254 i
1115 1218 1153 1256 ο
1175 1221 1214 1257 n
1306 1222 1352 1256 1.

574 1288 651 1331 63.
689 1283 959 1337 Quaecunque
1008 1297 1108 1336 ergo
1161 1287 1330 1338 agitatio
1382 1287 1465 1325 ne'ri
1519 1287 1558 1325 in
1612 1285 1709 1326 tubo

421 1342 516 1386 AB
547 1355 741 1387 contento
775 1348 898 1386 fuerit
934 1347 1134 1400 inducta,
1166 1349 1248 1389 siue
1284 1358 1420 1389 motus
1453 1348 1710 1401 imprtffione

420 1408 506 1451 fine
534 1408 738 1450 densitatis
772 1410 1078 1452 immutatione
1102 1444 1112 1463 ,
1146 1413 1346 1453 eiusmodi
1383 1423 1520 1452 motus
1552 1413 1709 1453 oscilla-

422 1474 548 1519 torius
580 1475 620 1514 in
654 1486 706 1514 eo
737 1476 1005 1525 generabitur
1042 1475 1170 1528 qualis
1202 1476 1257 1516 est
1310 1477 1511 1515 inuentus.
1601 1477 1712 1513 lnte·

420 1537 509 1578 rimi
538 1548 671 1578 tamen
703 1539 868 1578 euenire
928 1540 1096 1591 potest,
1142 1547 1188 1577 vt
1242 1549 1439 1579 numerus
1485 1536 1714 1578 oscillatio-

421 1612 523 1641 num
560 1601 625 1640 vel
661 1602 789 1654 duplo
825 1603 899 1643 vel
936 1603 1095 1654 triplo,
1147 1602 1219 1642 vel
1271 1602 1500 1655 quadruplo
1551 1602 1615 1641 vel
1670 1601 1710 1640 in

420 1665 581 1720 ratione
613 1677 853 1717 quacunque
896 1665 1092 1718 multipla
1125 1664 1198 1706 fiat
1233 1667 1391 1717 maior;
1446 1667 1486 1707 id
1526 1665 1632 1718 quod
1687 1676 1711 1705 a

418 1740 524 1770 certa
562 1728 696 1770 indole
750 1731 914 1782 primae
965 1730 1205 1781 agitationis
1261 1732 1421 1784 pendet.
1507 1728 1547 1771 Si
1598 1731 1710 1770 enim

420 1794 562 1834 ambae
597 1792 718 1832 scalae
770 1793 1042 1845 agitationem
1094 1795 1415 1835 determinantes
1466 1793 1619 1849 AQB
1669 1801 1712 1833 et

421 1858 457 1898 E
481 1859 516 1897 Υ
541 1858 569 1898 F
607 1857 660 1895 ita
695 1858 948 1907 formentur,
986 1869 1034 1897 vt
1069 1857 1224 1898 ssmiles
1260 1855 1360 1898 fiant
1395 1857 1505 1896 scalis
1541 1869 1606 1910 per
1638 1856 1709 1895 du-

421 1921 537 1974 plum
571 1920 748 1972 spatium
786 1924 821 1961 Α
851 1921 910 1960 Α]
945 1922 1191 1960 continuatis
1216 1952 1228 1969 ‚
1279 1921 1348 1960 vel
1400 1934 1472 1973 per
1530 1918 1708 1971 triplum

421 1986 460 2023 A
484 1985 561 2030 13²,
595 1982 658 2022 vel
695 1997 765 2035 per
799 1985 1081 2036 quadruplum
1116 1984 1176 2023 A'
1196 1984 1275 2024 Ass
1308 1994 1382 2023 etc.
1424 1995 1560 2023 motus
1592 1984 1709 2023 oscil-

422 2045 592 2091 latorius
626 2047 789 2097 perinde
830 2047 866 2086 se
906 2047 1060 2087 habebit
1091 2059 1133 2085 ac
1168 2046 1196 2085 si
1232 2049 1350 2087 tubus
1382 2046 1474 2088 AB
1508 2045 1599 2086 esset
1642 2045 1708 2087 vel

421 2111 551 2165 duplo
585 2108 651 2149 vel
692 2108 820 2163 triplo
860 2111 928 2151 vel
963 2109 1194 2166 quadruplo
1227 2111 1420 2163 breuior,
1468 2110 1597 2164 sicque
1634 2123 1710 2150 nu-

1570 2185 1709 2216 metus
