1852 2730
415 187 729 236 PENDvm
782 185 1144 235 S1MPL1cis.
1345 207 1431 249 577

299 304 350 350 In
386 306 628 350 difficultate
661 308 877 349 concursus
910 307 1148 350 obseruandi
1206 307 1326 363 origo
1369 309 1439 352 fita

150 375 203 416 est
226 406 238 427 ,
272 375 380 427 quod
414 372 667 415 concursibus
703 385 824 426 aeque
859 387 881 415 a
919 376 956 415 le
989 375 1173 416 inuicem
1209 376 1442 418 distantibus

148 452 243 482 raro
278 439 539 492 respondeant
575 434 755 493 aequalin
790 442 990 493 temporis
1036 438 1265 484 interualla.
1354 440 1439 483 Di·

147 506 373 559 l‘paritatcm
429 501 529 542 hanc
583 516 679 544 cum
735 516 943 544 cernerem
993 506 1033 545 in
1072 506 1237 560 reliquis
1273 518 1436 560 quoque

148 567 475 624 experimentis,
530 578 571 608 et
623 568 663 609 in
714 579 847 610 certus
894 570 1144 621 haererem,
1193 571 1434 625 quibusnam

147 633 400 675 concursibus
433 632 568 672 maior
602 632 698 673 fides
737 634 909 675 habenda
950 635 997 676 fit
1019 668 1030 687 ,
1067 648 1161 678 cum
1200 649 1341 676 omncs
1367 649 1434 689 pa-

144 699 179 739 ri
215 711 313 740 cura
348 698 538 738 obseruati
577 697 652 737 effe
687 699 940 749 viderentur,
979 701 1018 740 in
1056 703 1334 753 computando
1370 703 1432 741 in·

146 765 323 805 teruallo
353 761 584 816 temporiS‚
621 774 704 817 quo
738 764 962 817 pendulum
1020 764 1196 817 simplex
1247 765 1431 805 lucretur

144 842 269 871 vnam
318 826 618 870 oscillationem
673 828 720 869 ad
771 829 1004 882 sequentem
1053 828 1300 870 methodum
1338 842 1432 870 con-

141 895 242 948 fugi.

294 1007 357 1052 Sit
393 1017 659 1051 momentum
697 1006 936 1061 horologii,
987 1020 1072 1062 quo
1118 1010 1278 1064 primus
1332 1023 1432 1064 pen·

143 1072 344 1115 dulorum
379 1075 590 1117 concursus
623 1075 851 1115 obseruatus
885 1077 937 1116 est
971 1082 1021 1115 ἶ
1043 1084 1083 1125 t,
1136 1086 1176 1115 et
1231 1078 1434 1118 interual-

141 1141 232 1181 lum
273 1140 503 1193 temporis,
537 1151 620 1192 quo
658 1137 880 1192 pendulum
918 1138 1097 1190 simplex
1133 1152 1226 1191 prae
1263 1139 1431 1182 horolo-

141 1206 210 1255 gio
247 1204 539 1244 Astronomico
574 1203 759 1243 lucratur
795 1214 917 1243 vnam
954 1204 1252 1245 oscillationem
1298 1218 1346 1248 2:
1370 1217 1430 1257 x,

139 1267 364 1318 horologio
400 1267 644 1306 monstrante
677 1276 692 1305 t
713 1275 822 1312 -μχ
859 1267 1025 1319 pendula
1059 1279 1338 1320 concurrent,
1389 1280 1431 1313 et

138 1331 312 1383 simplex
371 1340 461 1384 prae
514 1327 693 1382 pendulo
744 1329 949 1379 horologii
1006 1323 1235 1372 'lucrabitur
1297 1347 1426 1375 vnam

136 1395 444 1436 oscillationem.
514 1394 602 1435 Post
640 1392 812 1433 modum
850 1392 1067 1446 horologio
1101 1396 1301 1437 indicante

204 1497 349 1536 t÷2x
377 1475 614 1543 ‘pendulum
648 1486 825 1540 simplex
859 1486 1083 1529 lucrabitur
1152 1505 1192 1531 2.
1229 1489 1358 1531 oscill.

203 1562 352 1614 t-l—‘gx
429 1588 468 1613 ,-
569 1587 590 1597 -
687 1584 706 1592 ·-
806 1582 832 1589 -
934 1584 952 1591 -
1052 1583 1068 1590 ·
1157 1574 1198 1610 3.
1236 1563 1362 1605 oscill.

205 1652 352 1694 t÷4x
450 1662 472 1671 -
568 1657 587 1665 -
684 1656 706 1666 ·
797 1656 818 1665 -
917 1656 938 1665 ·
1038 1658 1061 1668 -
1156 1650 1203 1686 4.
1237 1637 1363 1679 oscill.

141 1740 182 1772 et
219 1731 271 1770 ita
311 1742 434 1782 porro
467 1740 591 1780 vsque
626 1729 722 1768 dum
760 1729 984 1781 pendulum
1024 1726 1191 1782 simplex
1229 1729 1274 1769 ad
1312 1732 1427 1782 quie-

145 1805 226 1835 tem
263 1795 383 1835 fuerit
419 1793 626 1835 redazstum
665 1804 734 1833 aut
769 1796 1099 1846 experimenrum
1147 1794 1269 1834 {uerit
1321 1807 1426 1835 con-

141 1863 356 1900 tinuatuni.
444 1859 644 1899 Pon-amus
701 1857 802 1897 illud
858 1857 1023 1897 fiotum
1065 1857 1178 1897 fuisse
1217 1859 1426 1912 postquam

142 1923 361 1978 pendulum
402 1922 575 1975 simplex
611 1923 814 1963 lucratum
851 1923 974 1963 fucrit
1009 1934 1032 1961 n
1065 1922 1334 1964 vicillationcs
1384 1934 1425 1965 et

139 1991 361 2030 oblcruatos
393 1987 464 2028 effe
500 2001 535 2027 m
578 1992 820 2035 concutitis,
875 1991 1033 2028 summa
1084 1988 1277 2027 omnium
1335 2000 1425 2029 mo-

143 2064 402 2102 mentorum,
436 2054 580 2106 qui-bus
615 2053 855 2094 concursus:
896 2052 1059 2093 euenire
1093 2052 1309 2105 debebant,
1346 2060 1425 2097 crit

136 2121 876 2169 ntc÷(1÷2—{-3..‚.›†-n)x,
920 2127 961 2157 et
997 2128 1093 2155 cum
1132 2118 1286 2168 summa
1329 2132 1422 2159 mo-

141 2192 408 2231 mentorum,
457 2183 599 2236 quibus
651 2186 864 2224 concurlus
915 2181 1006 2221 aestu
1064 2182 1153 2221 sunt
1190 2182 1420 2232 obseruari,

204 2244 459 2288 Tom.XVI.
476 2247 762 2290 Nou.Comm.
926 2245 969 2286 D
985 2247 1007 2287 d
1028 2246 1052 2286 d
1070 2249 1094 2287 d
1295 2249 1418 2288 detur
