1852 2730
372 182 807 235 vAmATioNVM
842 182 1213 232 TRACTANDI.
1364 200 1426 237 49

145 304 402 363 potissimum
438 308 500 346 vis
547 302 670 344 huius
720 302 906 345 methodi
958 304 1152 345 cernitur.
1251 300 1426 357 Quando

136 374 254 414 enim
317 371 491 424 quaestio
537 369 645 410 circa
696 371 880 410 maxima
932 368 1001 410 vel
1038 369 1211 409 minima
1242 379 1342 420 quae
1380 368 1423 407 in

139 435 425 489 superficiebus
473 445 682 475 occurrere
735 433 926 487 possunt,
974 433 1187 484 versatum
1239 431 1422 473 formula

144 500 245 549 illa,
290 512 392 553 quae
426 500 660 539 maximum
695 496 760 536 vel
797 499 1020 539 minimum
1055 499 1167 539 reddi
1200 497 1314 537 debet
1348 510 1422 538 ne·

142 566 288 606 cessato
320 563 373 603 est
411 563 597 603 formula
632 561 843 612 integralis
878 573 997 615 atque
1031 564 1129 603 adeo
1159 563 1334 603 formula
1355 562 1421 602 in-

145 626 310 680 tegralis
342 626 574 678 duplicata,
625 627 744 665 cuius
780 627 962 667 indolem
998 625 1062 667 hic
1098 628 1233 680 paucis
1276 626 1422 680 expli-

140 695 218 734 cari
251 691 439 731 conuenit
535 689 897 744 Quemadmodum
933 691 1042 729 enim
1078 692 1119 729 in
1165 692 1422 745 praecedente

141 766 276 810 parte,
337 753 536 796 formulae
580 751 800 805 integrales
839 753 1042 805 simplices
1076 754 1165 793 sunt
1197 755 1424 794 considera·

140 833 220 871 tae,
260 831 361 873 quae
395 820 440 858 ad
474 820 608 859 datam
644 815 841 859 abscissam
876 831 904 858 x
937 818 1028 858 sunt
1063 816 1224 869 relatae,
1260 819 1315 858 ita
1349 817 1420 860 hic

139 888 180 927 in
232 883 539 937 superficiebus,
588 883 833 936 quaestiones
883 883 1038 935 semper
1093 895 1171 923 non
1213 883 1258 923 ad
1294 883 1420 923 solam

136 949 330 991 abscissam
367 960 416 997 x,
451 947 510 988 sed
542 947 588 988 ad
625 957 759 987 totum
795 949 998 1000 quoddam
1035 948 1210 1001 spatium
1247 948 1286 986 in
1335 947 1421 1001 pla-

135 1026 191 1055 no
224 1011 470 1053 horizontali
506 1021 700 1066 tanquam
750 1013 877 1052 basem
930 1013 1023 1053 sunt
1076 1012 1302 1053 referendae
1351 1012 1419 1052 cui

132 1079 274 1132 portio
305 1075 533 1129 superficiei
567 1089 669 1130 quae
691 1077 863 1116 maximi
885 1076 1109 1118 minimiue
1128 1078 1300 1131 quadam
1322 1090 1419 1131 pro·

133 1143 305 1196 prietatc
338 1142 507 1192 gaudere
540 1141 668 1193 debet,
704 1141 934 1181 immineat.
985 1140 1127 1195 Quare
1160 1153 1290 1194 quum
1329 1142 1418 1182 talis

132 1207 229 1247 baiis
249 1206 459 1258 duplicem
497 1205 634 1245 habeat
668 1204 962 1246 dimensionem
996 1205 1165 1245 alteram
1202 1206 1247 1245 ab
1279 1218 1320 1257 x,
1354 1205 1416 1246 al·

130 1281 259 1312 teram
280 1282 379 1311 vero
412 1270 458 1309 ab
479 1283 511 1318 y
548 1271 803 1321 pendentem,
842 1268 1078 1309 huiusmodi
1113 1270 1314 1310 formulae
1348 1272 1414 1311 in·

126 1336 296 1386 tegrales
333 1345 451 1374 erunt
484 1333 743 1387 duplicatae,
774 1333 855 1376 'hoc
896 1335 1019 1374 modo
1048 1334 1235 1387 exprimi
1271 1334 1412 1376 solitae

116 1398 416 1455 ssdedr‚
451 1409 518 1439 eae
551 1399 702 1440 scilicet
736 1398 942 1453 duplicem
981 1399 1295 1452 integrationem
1331 1412 1412 1453 po·

127 1463 275 1505 stul-ant
298 1495 309 1513 ‚
343 1474 459 1516 atque
495 1463 536 1503 in
573 1464 710 1516 priore
744 1464 824 1505 sola
859 1463 1091 1504 coordinata
1128 1475 1157 1504 x
1191 1463 1257 1504 vel
1285 1463 1408 1511 solay

126 1539 206 1580 pro
238 1528 424 1568 variabili
458 1527 659 1580 habetur,
693 1539 732 1568 et
766 1529 985 1581 integratio
1021 1541 1144 1584 vsque
1179 1529 1225 1569 ad
1263 1528 1408 1570 termi-

130 1601 202 1628 nos
234 1590 331 1629 bafis
365 1592 590 1644 propositae
624 1595 887 1645 extenditur,
938 1603 1028 1634 tum
1084 1605 1184 1635 vero
1234 1593 1407 1635 demum

128 1655 252 1693 etiam
288 1654 411 1693 altera
446 1657 648 1697 variabilis
682 1656 899 1699 assumitur
943 1668 1062 1711 atque
1110 1657 1235 1698 altera
1291 1661 1408 1700 inte-

127 1718 262 1768 gratio
292 1717 524 1757 absoluitur.
588 1719 644 1759 Et
679 1725 871 1765 Quoniam
910 1724 1071 1774 perinde
1104 1722 1159 1762 est
1185 1732 1271 1759 vtra
1292 1725 1408 1773 prius

123 1794 202 1833 pro
236 1782 419 1822 variabili
457 1780 646 1821 habeatur
668 1813 678 1831 ‚
732 1783 810 1822 fine
843 1786 1072 1826 discrimine
1107 1784 1316 1833 geminam
1352 1783 1407 1824 il-

125 1845 208 1885 lam
244 1844 562 1895 integrationem
599 1846 712 1896 signo
743 1846 950 1900 duplicato
977 1846 1036 1901 ss
1059 1847 1301 1897 indicamus,
1336 1861 1405 1889 ne-

121 1920 203 1962 que
237 1921 338 1948 vero
374 1909 437 1949 liic
475 1907 551 1949 loci
588 1911 670 1961 est,
723 1913 859 1951 omnia
896 1923 997 1962 quae
1031 1911 1131 1950 circa
1166 1910 1403 1953 huiusmodi

124 1973 411 2024 integrationes
443 1973 666 2026 duplicatas
700 1977 788 2016 sunt
820 1975 1059 2017 obseruanda
1080 2007 1090 2025 ,
1126 1974 1249 2015 fusius
1276 1989 1402 2030 expo-

120 2050 248 2087 nere,
298 2038 446 2091 quippe
497 2038 603 2090 quod
655 2050 948 2092 argumentum
1002 2040 1043 2079 in
1097 2040 1235 2079 Tomo
1279 2040 1401 2083 XIV.

122 2100 274 2142 horum
329 2101 742 2145 Commentariorum
816 2106 897 2145 iam
968 2104 1057 2146 satis
1109 2114 1295 2146 accurate
1346 2107 1400 2148 est

122 2165 422 2220 pertractatum.
1453 2208 1458 2215 ,

187 2231 741 2277 Tom.xx11.Nou.Comm.
958 2229 998 2277 G
1323 2241 1394 2281 25-
