1852 2730
383 179 447 228 56
548 171 881 221 METHODVS
936 176 1105 222 NOVA
1152 176 1481 223 CALCVLVM

383 288 493 343 grale
541 293 595 332 ita
647 295 734 347 capi
787 293 959 345 debere,
1012 303 1058 333 vt
1106 294 1308 333 euanescat
1345 295 1474 346 posito
1507 284 1667 343 x:0{

383 356 490 395 vnde
522 360 647 396 etiam
683 359 722 397 iii
760 368 905 409 genere
941 358 1188 407 intelligitur
1212 387 1223 406 ‚
1260 357 1413 407 semper
1452 372 1524 410 pro
1562 358 1665 397 inte-

385 420 568 472 gratione
604 422 804 463 formulae
837 421 1032 477 sde‚
1079 432 1238 460 certum
1290 420 1468 473 aliquem
1522 422 1666 461 termi-

387 495 487 524 num
525 485 654 526 veluti
693 486 893 539 punctum
929 488 992 535 A,
1026 494 1237 538 tamquam
1276 484 1525 538 principium
1562 485 1666 523 iute—

378 550 573 600 grationis
604 550 720 589 statui
756 560 875 601 atque
911 547 1108 600 integrale
1129 546 1300 605 sde
1332 550 1563 589 euanescere
1596 549 1667 587 de-

375 611 467 653 bere
504 613 635 664 posito
672 623 771 653 xz:
794 624 845 664 0,
882 613 952 653 vel
989 613 1015 653 si
1053 614 1155 653 forte
1189 613 1510 653 circumstantiae
1547 611 1664 653 aliter

375 677 527 715 fuerint
557 687 841 729 comparatae,
878 677 1089 718 tribuendo
1124 677 1197 730 ipsi
1234 689 1263 717 x
1298 677 1482 717 valorem
1520 688 1666 729 quem-

378 741 494 793 piam
546 742 685 780 datum
708 771 719 789 ‚
771 741 910 781 deinde
958 753 1055 780 vcro
1090 740 1213 782 initio
1254 743 1477 782 constituto
1506 771 1518 791 ,
1548 739 1665 781 valor

381 802 586 843 formulae
629 801 961 851 sdezW
1018 803 1193 845 abscissae
1244 804 1452 845 AP.—.x
1504 805 1667 852 respon·

385 866 505 909 debit,

539 961 610 1002 35.
646 950 726 992 His
775 952 880 994 circa
934 951 1156 993 formulam
1212 951 1457 1005 integi-aiem
1503 946 1664 1000 [de

388 1016 618 1068 obseruatis,
652 1019 880 1070 videamus,
924 1030 1145 1070 quamnam
1184 1018 1314 1058 ideam
1352 1019 1461 1058 nobis
1495 1018 1544 1056 de
1576 1027 1666 1056 cur-

383 1083 449 1121 vis
481 1081 563 1123 illis
601 1083 804 1134 proximis
837 1096 861 1121 α
882 1095 920 1135 μ
958 1083 1132 1121 formare
1166 1083 1387 1122 debeamus,
1473 1084 1532 1120 Ac
1579 1080 1668 1132 pri-

382 1158 455 1185 mo
504 1147 673 1198 quidem
729 1155 868 1198 patet,
925 1144 993 1184 has
1042 1156 1186 1185 curuas
1238 1146 1440 1187 continuo
1489 1143 1666 1196 quodam

384 1208 513 1249 tractu
548 1209 684 1249 duetus
715 1207 789 1251 effe
824 1210 961 1250 debere
982 1241 993 1260 ‚
1030 1210 1084 1249 ita
1121 1220 1165 1249 vt
1199 1211 1239 1250 in
1276 1212 1324 1251 iis
1361 1220 1558 1261 nusquam
1593 1221 1666 1247 an—

385 1272 477 1324 guli
513 1272 636 1313 aliiue
671 1273 789 1312 saltus
822 1272 1205 1327 deprehendantum
1256 1274 1332 1315 hoc
1367 1273 1450 1314 tolo
1495 1280 1662 1322 notato,

385 1336 552 1391 perinde
587 1337 641 1376 est
678 1335 757 1375 siue
792 1337 883 1377 istae
915 1349 1064 1379 curuae
1100 1337 1187 1389 lege
1221 1339 1414 1392 quapiam
1458 1336 1665 1375 continui-

383 1401 477 1442 tatis
513 1399 581 1439 vcl
616 1402 852 1452 aequatione
885 1403 1075 1455 quapiam
1108 1402 1387 1443 contineantur
1408 1432 1418 1450 ‚
1472 1398 1552 1440 siue
1587 1398 1664 1440 sint

382 1463 483 1505 adeo
516 1464 820 1518 discontinuae‚
855 1465 965 1518 quasi
1001 1465 1126 1507 libero
1161 1479 1303 1507 manus
1334 1476 1452 1506 motu
1487 1463 1642 1504 ductae.

543 1585 614 1630 36.
662 1579 912 1625 Huiusmodi
965 1579 1093 1620 lineae
1145 1593 1289 1622 curuae
1339 1577 1666 1621 commodissime

388 1646 567 1698 sequenti
602 1649 728 1688 modo
763 1650 954 1688 formatae
991 1645 1118 1686 menti
1157 1646 1436 1699 repraesentari
1491 1641 1662 1695 possunt.

388 1709 576 1751 Ducatur
612 1712 760 1752 scilicet
795 1723 867 1764 pro
901 1709 1030 1749 lubitu
1085 1709 1187 1749 linea
1239 1722 1360 1750 curua
1405 1717 1665 1763 quaecunque

389 1773 424 1815 B
448 1773 489 1814 N
524 1776 655 1815 cidem
694 1776 864 1816 abscissae
901 1772 992 1813 ΑΡ
1045 1773 1295 1822 imminens,
1346 1785 1390 1813 ac
1439 1770 1567 1811 ductis
1616 1769 1663 1808 ad

391 1837 548 1889 singula
583 1841 667 1880 axis
705 1839 851 1893 puncta
887 1838 928 1876 X
960 1836 1178 1891 applicatis
1213 1839 1255 1876 X
1278 1836 1318 1875 Y
1342 1836 1374 1872 V
1412 1832 1563 1883 finguhi
1600 1832 1663 1871 in-

391 1902 562 1940 terualla
614 1904 648 1942 Y
676 1904 711 1941 V
769 1905 808 1941 in
863 1902 1020 1940 ratione
1073 1900 1176 1939 finiti
1212 1900 1259 1938 ad
1292 1896 1450 1937 infinite
1485 1908 1663 1950 paruum

391 1964 572 2004 secentur
608 1967 645 2004 in
681 1978 731 2016 v,
768 1966 822 2005 ita
857 1974 902 2002 vt
938 1964 1025 2005 Yv
1059 1962 1105 2003 sit
1139 1960 1247 2015 quasi
1287 1973 1372 2012 pars
1402 1960 1663 2002 infinittsi'na

395 2026 597 2068 interualli
638 2028 674 2068 Y
700 2031 748 2072 V.
813 2026 904 2067 Hoc
940 2029 1050 2067 enim
1092 2028 1214 2067 modo
1244 2037 1365 2065 curua
1401 2040 1427 2064 α
1450 2039 1520 2080 viu.
1559 2024 1662 2064 obti-

395 2093 553 2133 nebitur
589 2106 608 2132 a
641 2105 765 2133 curua
802 2092 1006 2144 proposita
1042 2092 1081 2131 A
1107 2091 1150 2131 Μ
1190 2091 1229 2129 in
1264 2092 1453 2130 omnibus
1504 2089 1662 2143 pnnc‘tis

397 2156 559 2198 infinite
592 2171 736 2213 parum
771 2155 896 2197 diffini
917 2186 928 2204 ,
960 2154 1122 2208 qualem
1156 2156 1202 2197 ad
1233 2155 1463 2196 institutum
1484 2153 1662 2194 nostrum

1529 2229 1668 2271 requi-
