1852 2730
458 182 693 228 AERIS
747 182 832 226 IN
885 182 1136 229 TVBIS.

1333 201 1356 239 0³

1367 203 1389 230 u

1400 202 1424 242 ω

617 297 963 358 Scholion.

312 417 386 458 47.
424 405 755 447 Diffimilitudini
791 407 982 460 pulsuum
1017 406 1057 446 in
1091 405 1188 447 tubo
1235 404 1428 459 vtrinque

164 481 483 527 propagatorum
537 471 786 522 experientia
836 472 1071 524 neutiquam
1127 470 1326 512 aduersari
1375 467 1430 510 est

163 537 331 591 putanda
356 565 367 584 ‚
418 532 444 572 si
481 533 518 570 in
556 531 659 572 sonis
695 534 857 574 nullum
891 535 1103 576 discrimen
1137 532 1431 576 animaduerti-

164 610 243 642 tur.
308 593 479 638 Etiamsi
513 595 623 635 enim
661 597 775 636 binae
826 599 944 637 {caiae
996 596 1148 640 GmH
1199 608 1240 641 et
1289 596 1431 640 Gnfl

161 666 214 704 ita
250 661 323 701 sint
355 667 610 711 comparatae
634 689 644 708 ‚
702 669 749 699 vt
788 662 925 713 prouti
963 663 1028 701 vel
1059 665 1217 702 iumma
1252 663 1322 703 vel
1353 662 1433 702 dif-

159 725 319 767 ferentia
353 723 647 776 applicatarum
684 730 755 763 tm
788 734 827 763 et
864 733 879 763 t
901 735 923 763 n
955 726 1041 777 capi
1084 716 1251 775 debeat,
1300 725 1431 766 maxi-

160 800 278 829 mum
314 787 530 828 discrimen
563 787 663 826 oriri
698 787 835 828 debeat
858 818 869 837 ‚
921 796 1060 828 tamen
1098 789 1430 842 perpendendum

155 853 241 902 cst,
273 852 465 904 quoniam
500 863 641 892 omnes
674 851 757 891 soni
792 851 974 906 pluribus
1008 851 1184 906 pulsibus
1219 852 1431 894 succeffiue

159 916 364 969 productis
413 915 618 966 constant3
671 916 741 970 qui
792 928 811 956 a
860 926 976 956 motu
1009 917 1183 970 quodam
1218 918 1430 970 reciproco

158 981 371 1019 nascuntur
395 1005 407 1025 ,
455 990 522 1019 eos
552 979 708 1033 semper
741 980 796 1020 ita
831 979 904 1021 esse
936 991 1191 1034 comparatos
1214 1012 1225 1031 ‚
1283 991 1329 1022 vt
1364 981 1428 1022 al-

160 1044 348 1084 ternatim
383 1041 496 1085 scalas
533 1043 619 1083 illas
652 1045 861 1085 contrario
898 1045 1020 1084 modo
1060 1045 1264 1098 dispositas
1313 1057 1428 1100 prae·

155 1109 298 1157 beant,
334 1108 499 1159 ideoque
537 1107 560 1146 ii
598 1121 704 1147 vnus
741 1109 874 1162 pulsus
909 1110 947 1147 in
985 1120 1110 1148 vnam
1146 1109 1305 1162 plagam
1343 1112 1429 1149 fue-

154 1172 210 1212 rit
243 1173 385 1212 fortior
419 1183 541 1224 quam
580 1172 617 1211 in
651 1172 816 1213 alteram
841 1203 851 1219 ‚
898 1173 1152 1212 contrarium
1189 1174 1228 1213 in
1263 1174 1427 1226 sequen-

154 1247 194 1277 te
228 1236 422 1284 eueniet‚
458 1245 498 1273 ct
532 1238 723 1286 quoniam
761 1237 886 1276 lenius
923 1237 1047 1276 nostri
1083 1236 1262 1288 singulos
1280 1237 1428 1278 discer-

155 1310 248 1341 nere
284 1310 362 1338 non
398 1298 564 1348 valent,
616 1300 740 1339 etiam
778 1299 878 1341 illud
935 1300 1151 1341 discrimen
1204 1301 1244 1340 in
1300 1302 1432 1341 sensus

152 1375 235 1404 non
291 1361 406 1404 cadit.
489 1361 643 1416 Quodsi
694 1362 838 1404 alterni
882 1363 1017 1417 pulsus
1053 1364 1091 1403 in
1127 1361 1296 1404 alteram
1336 1365 1429 1418 pla-

154 1437 248 1479 gam
303 1430 458 1478 prorsus
508 1439 585 1467 non
639 1438 909 1481 propagentur
939 1458 951 1479 ‚
1009 1429 1121 1468 sonus
1179 1429 1428 1482 percipietur

155 1501 234 1530 vua
267 1488 398 1554 (flaua
435 1492 627 1540 grauior,
677 1492 833 1532 etiamsi
866 1503 1014 1545 corpus
1057 1495 1249 1533 sonorum
1301 1493 1428 1547 duplo

157 1550 294 1606 plures
326 1553 411 1591 edat
448 1553 703 1593 vibrationes.
780 1559 844 1595 An
877 1567 1014 1596 autem
1050 1555 1285 1596 huiusmodi
1319 1559 1427 1600 casus

156 1625 332 1669 vnquam
367 1616 548 1654 eueniant
570 1647 580 1667 ,
615 1617 656 1655 in
690 1617 812 1660 dubio
845 1619 898 1660 est
930 1619 1257 1675 relinquendum.

517 1745 877 1806 Problema
949 1751 1052 1823 76.

302 1854 375 1901 48.
412 1845 454 1888 Si
491 1848 529 1888 in
567 1852 664 1891 tubo
699 1852 918 1904 aequaliter
952 1851 1093 1906 amplo
1138 1860 1179 1892 et
1233 1850 1422 1906 vtrinque
1447 1872 1536 1910 Τὼ.
1564 1873 1625 1913 VL

148 1924 288 1967 aperto
342 1914 434 1953 AA
458 1910 491 1951 Β
514 1910 546 1951 Β
601 1913 747 1954 alicubi
785 1916 825 1954 in
860 1923 876 1955 t
913 1916 1046 1970 pulsus
1078 1918 1314 1968 quicunque
1350 1928 1423 1956 ex·
1450 1927 1524 1973 Fig.
1559 1932 1623 1967 82.

147 1979 295 2018 citetur
316 2010 328 2028 ,
378 1977 461 2018 eius
494 1980 831 2032 propagationem
885 1993 954 2035 per
997 1989 1137 2021 totum
1172 1980 1315 2020 tubum
1347 1982 1419 2021 de-

149 2052 376 2083 terminare.

753 2205 780 2250 S
805 2219 822 2249 s
858 2219 881 2250 2
1240 2206 1418 2252 solutio.
