1852 2730
393 236 484 282 284
793 230 909 274 DE
973 224 1255 271 MOTV

387 345 612 388 funestiones
650 342 872 384 indefinitas
905 343 1110 382 continere
1143 341 1292 390 debet,
1344 352 1442 394 quas
1474 343 1664 401 deinceps

386 423 436 451 ex
473 410 570 449 statu
609 408 753 448 initiali
807 405 1069 446 determinari
1122 414 1320 459 oportet,
1371 416 1414 447 et
1465 411 1662 460 quoniam

388 486 468 514 non
505 474 637 513 solum
671 471 865 522 cuiusque
898 468 1118 521 particulae
1152 468 1266 510 locus
1314 470 1438 510 initio
1487 471 1663 513 sumitur

388 538 503 577 datus
539 535 595 574 sed
628 536 751 572 ctiam
789 543 960 588 motus„
1007 533 1055 572 ad
1090 532 1167 574 hoc
1206 533 1472 574 efficiendum
1523 536 1667 590 vtique

388 601 489 642 binis
524 597 793 639 fundhombus
825 598 1149 638 indeterminatis
1180 609 1285 653 opus
1319 598 1385 640 est.

744 741 1158 800 Scholion
1246 764 1287 800 1.

535 872 574 911 4.
613 859 1059 915 Determinatiovergo
1111 872 1246 904 motus
1295 861 1400 902 a'e'ris
1457 874 1561 915 opus
1608 864 1664 906 est

387 921 509 975 longe
558 925 843 967 difficilimum
901 939 996 968 cum
1049 929 1152 967 casus
1206 925 1523 978 fimpliciffimus
1580 939 1665 979 quo

388 1000 523 1029 aerem
559 989 703 1030 eodem
737 989 878 1030 caloris
913 995 1038 1042 gradu
1071 992 1295 1044 praeditum
1348 991 1386 1031 in
1441 991 1537 1032 tubo
1588 1003 1665 1030 ae-

387 1051 564 1105 qualiter
597 1055 738 1106 amplo
760 1084 771 1103 ‚
801 1064 842 1095 et
876 1055 1085 1106 grauitatis
1118 1054 1262 1095 effectu
1301 1066 1465 1095 remoto
1501 1055 1664 1096 moueri

389 1116 586 1170 ponimus
610 1147 620 1167 ‚
655 1118 700 1157 ad
733 1119 935 1159 eiusmodi
985 1118 1263 1170 aequationem
1315 1116 1364 1159 fit
1415 1120 1630 1171 perductus
1652 1148 1666 1168 ‚

389 1180 508 1219 cuius
543 1180 734 1223 resolutio
767 1180 884 1222 nullo
915 1180 1046 1222 adhuc
1081 1181 1259 1223 artificio
1291 1183 1456 1234 cognito
1480 1183 1666 1237 expediri

390 1244 543 1296 potest:
579 1246 684 1296 quod
726 1257 774 1284 eo
808 1247 944 1286 minus
976 1246 1030 1285 est
1068 1246 1301 1287 mirandum
1334 1247 1440 1299 quod
1473 1259 1515 1284 ea
1552 1249 1662 1285 Ana-

390 1305 487 1355 lyfis
523 1305 786 1346 infinitorum
823 1320 940 1360 pars,
979 1308 1171 1359 quorsum
1225 1309 1322 1347 haec
1373 1308 1557 1359 aequatio
1609 1310 1662 1349 est

388 1369 594 1409 referenda
628 1381 757 1421 nuper
789 1370 958 1410 demum
992 1370 1125 1410 excoli
1160 1369 1213 1409 est
1247 1380 1387 1422 coepta
1410 1400 1421 1414 ‚
1462 1383 1586 1422 neque
1619 1373 1661 1412 in

387 1442 434 1470 ea
469 1432 574 1473 vltra
608 1434 742 1487 prima
776 1432 974 1473 clementa
1026 1434 1098 1473 vix
1154 1435 1374 1487 quicquam
1423 1433 1551 1474 adhuc
1607 1436 1661 1476 est

390 1496 636 1550 praestitum.
740 1497 925 1538 Maxime
958 1508 1055 1547 ergo
1096 1499 1241 1537 arduae
1294 1499 1383 1537 sunt
1436 1498 1663 1538 intimandae

389 1571 532 1600 omnes
564 1560 829 1615 quaestiones,
863 1574 939 1609 qua
971 1562 1074 1601 circa
1106 1570 1270 1599 motum
1306 1560 1409 1597 ae'ris
1444 1559 1665 1598 instituun-

389 1632 472 1671 tur,
505 1623 661 1666 etiamst
696 1626 798 1664 forte
837 1627 973 1676 primo
1008 1623 1161 1663 intuitu
1197 1622 1413 1662 facillume
1447 1622 1664 1663 videantur

388 1687 520 1728 veluti
554 1688 583 1728 fi
617 1692 685 1728 ner
720 1690 760 1728 in
815 1690 910 1729 tubo
961 1699 1038 1740 ope
1088 1685 1236 1726 emboli
1285 1685 1353 1725 vel
1402 1687 1664 1728 condensetur

389 1748 459 1792 vel
493 1750 680 1803 rarefiat‚
714 1753 832 1792 cuius
867 1763 974 1793 certe
1010 1762 1147 1791 motus
1180 1751 1470 1791 determinatao
1519 1751 1663 1792 frustra

388 1814 660 1868 susciperetur.
733 1815 904 1870 Quando
935 1816 1047 1856 enim
1080 1826 1133 1853 ex
1186 1814 1231 1854 vi
1283 1815 1385 1852 ae'ris
1433 1814 1661 1854 condensati

389 1878 520 1931 vulgo
556 1889 692 1920 motus
726 1879 881 1930 globuli
920 1880 959 1918 in
993 1878 1166 1928 sclopeto
1201 1878 1460 1925 pneumatico
1499 1876 1661 1917 definiri

388 1942 489 1983 solet
512 1974 523 1992 ‚
557 1942 677 1982 nullo
713 1943 837 1982 modo
868 1942 914 1982 ad
950 1953 1111 1982 motum
1146 1940 1269 1992 ipfius
1304 1941 1404 1978 a'e‘ris
1449 1940 1658 1991 respicitur

386 2005 452 2046 sed
490 2007 520 2045 is
557 2007 692 2058 potius
727 2007 873 2057 quouis
908 2013 1151 2051 momento,
1186 2000 1291 2052 quast
1325 2002 1419 2040 ess‘ct
1457 2003 1658 2053 inquiete

388 2068 616 2122 spectatur,
651 2079 701 2106 ex
736 2079 817 2118 quo
852 2068 1034 2116 neglectu
1069 2065 1221 2104 etiumfi
1261 2066 1299 2103 in
1338 2075 1452 2102 motu
1502 2066 1657 2117 globuli

390 2134 465 2173 vix
495 2132 603 2172 x-llus
636 2142 748 2170 error
793 2131 906 2181 gigni
944 2131 1130 2169 videatur
1152 2160 1162 2175 ,
1198 2128 1371 2167 minime
1405 2139 1539 2168 tamen
1577 2130 1657 2171 hoc

389 2194 630 2251 exemplum
668 2193 845 2250 prosette
878 2195 989 2247 licet,
1022 2194 1063 2234 in
1098 2205 1178 2245 quo
1209 2195 1316 2234 circa
1351 2203 1512 2234 motum
1550 2196 1658 2234 a‘e‘ris

1539 2269 1657 2313 qule-
