1852 2730
412 150 654 200 AERIS
707 149 792 194 1N
845 142 1095 191 TVssls.
1296 157 1386 194 219

520 260 844 325 Coroll.
929 281 978 334 3.

266 389 339 426 41.
375 370 416 415 Si
455 373 575 415 initio
610 370 745 426 plures
788 370 827 409 in
879 366 975 407 tubo
1026 363 1186 405 excitati
1242 358 1388 402 fuerint

110 442 247 498 pulsus
281 440 420 479 eodem
459 439 583 477 modo
618 448 735 488 atque
774 434 811 473 in
853 431 1106 478 praecedente
1145 427 1389 483 problemate

112 505 262 549 ostendi
300 501 454 557 potest,
489 500 740 550 singulorum
781 498 1112 552 propagationem
1157 506 1176 532 a
1223 491 1392 543 reliquis

113 571 290 613 minime
328 565 589 620 perturbari,
646 563 777 615 sicque
808 563 933 601 etiam
985 558 1048 599 hic
1099 556 1235 613 plures
1282 555 1395 596 sonos

113 635 295 679 inuicem
331 641 410 670 non
446 626 652 668 confundi.

470 732 901 793 Scholion
988 750 1031 786 1.

266 853 342 890 42.
374 839 537 884 Solutio
569 838 689 880 huius
726 837 986 893 problematis
1020 847 1091 880 nos
1125 843 1286 890 praeter
1317 844 1391 875 ex-
1416 846 1506 883 Tab.
1547 848 1595 884 v,

112 902 386 958 peecationem
420 910 466 947 ad
501 904 819 957 explicationem
856 908 1037 946 duorum
1088 901 1392 956 phaenomeno-
1417 900 1490 944 Fig.
1520 901 1575 939 80.

113 980 205 1009 rum
243 970 454 1023 imprimis
488 969 826 1011 memorabilium
859 968 1113 1017 manuducit,
1149 966 1392 1007 resonantiae

112 1032 264 1075 scilicet
297 1045 337 1074 et
369 1034 468 1076 echo.
556 1032 752 1073 Primum
804 1044 942 1073 antem
996 1032 1188 1072 videmus
1237 1028 1393 1070 horum

114 1097 499 1152 phaenomenorum
533 1099 689 1138 caulam
724 1095 852 1148 vulgo
891 1107 1100 1149 perperam
1137 1092 1392 1146 repercuffio-

116 1164 156 1201 ni
193 1163 373 1215 cuipiam
409 1162 483 1204 effe
517 1164 788 1214 adieriptam3
840 1172 935 1201 curn
970 1161 1079 1198 enim
1119 1160 1159 1197 in
1195 1157 1292 1197 tubo
1344 1155 1391 1195 ad

114 1225 201 1264 BB
241 1238 383 1276 aperto
409 1256 419 1274 ,
470 1228 507 1264 in
544 1227 666 1264 altera
704 1237 801 1264 vcro
839 1235 951 1276 parte
984 1222 1031 1261 ad
1067 1224 1164 1262 AA
1207 1219 1314 1273 quasi
1348 1219 1392 1259 in

111 1287 322 1329 infinitum
359 1289 520 1329 extenso
555 1289 582 1328 fi
617 1287 774 1339 vspiain
814 1287 852 1325 in
893 1288 924 1327 L
970 1284 1101 1337 pulsus
1158 1285 1219 1323 seu
1274 1285 1390 1323 sonus

109 1354 312 1393 excitetur
335 1382 346 1400 ‚
396 1352 426 1390 is
463 1351 616 1392 nonnifi
654 1353 692 1389 in
726 1348 888 1390 orificio
927 1349 963 1391 B
985 1348 1018 1390 B
1054 1347 1228 1401 simplex
1262 1357 1388 1385 exau-

111 1418 279 1465 diatur3
328 1416 419 1455 inde
471 1427 571 1455 vero
604 1416 649 1456 ad
683 1414 718 1454 L
754 1414 970 1455 recedendo
1022 1410 1077 1452 ita
1125 1412 1389 1464 duplicetur,

111 1489 158 1519 vt
196 1479 460 1518 interuallum
496 1480 692 1518 continuo
725 1476 796 1518 fiat
836 1478 964 1518 maius
997 1476 1135 1531 primo
1184 1475 1249 1518 hic
1283 1474 1387 1516 reso-

114 1542 244 1583 nantia
282 1553 447 1594 oritur,
483 1551 571 1579 tum
611 1554 707 1581 vero
745 1542 784 1580 in
822 1541 856 1580 L
888 1552 927 1580 et
962 1542 1068 1581 vltra
1104 1540 1212 1581 hunc
1248 1539 1389 1580 locum

117 1606 251 1643 versus
288 1610 342 1652 Α,
378 1603 403 1642 si
443 1610 565 1643 mocio
597 1603 865 1643 interuallum
902 1604 970 1645 LB
1004 1606 1091 1644 satis
1121 1604 1169 1642 sit
1190 1614 1389 1653 magnum

114 1678 161 1706 vt
198 1678 357 1719 tempus
379 1697 389 1714 ,
423 1678 504 1717 quo
536 1679 554 1705 a
591 1669 685 1705 sono
715 1667 800 1703 eius
830 1667 1002 1718 duplum
1047 1675 1353 1719 percurreretur
1375 1693 1391 1715 ‚

117 1731 252 1771 ientiri
290 1741 404 1781 queat
427 1760 436 1777 ‚
491 1732 681 1782 repetitio
717 1728 824 1767 illius
876 1731 953 1768 soni
990 1731 1259 1779 exaudietur,
1290 1739 1387 1767 cum

116 1804 252 1834 tamen
289 1795 353 1833 liic
392 1793 499 1831 nulla
537 1793 705 1832 reflexio
737 1803 923 1831 cernatur
947 1823 958 1841 ‚
994 1792 1066 1831 nisi
1101 1795 1202 1834 forte
1258 1794 1390 1832 dicere

116 1856 294 1896 velimus
329 1855 652 1908 repercusionem
692 1855 756 1895 hic
793 1857 833 1894 in
870 1855 903 1896 B
926 1856 960 1897 B
994 1855 1085 1895 fieri
1121 1860 1166 1899 ab
1200 1868 1287 1896 aere
1313 1867 1386 1896 ex-

116 1930 234 1961 terno
268 1922 372 1973 quod
414 1931 544 1960 tamen
599 1919 647 1958 ab
693 1919 885 1971 opinione
939 1919 1097 1970 vulgari
1153 1919 1386 1973 plurimum

114 1984 311 2027 abhorret.
375 1984 433 2024 lta
468 1981 498 2022 fi
538 1981 799 2023 interuallum
836 1982 916 2023 BL
950 1983 1043 2024 esset
1080 1996 1199 2032 1040
1236 1987 1386 2038 pedum

114 2049 229 2089 sonu>¹
261 2050 300 2088 in
334 2047 367 2088 L
398 2049 527 2087 editus
562 2048 645 2100 post
679 2048 763 2086 duo
797 2048 952 2087 minuta
987 2048 1150 2087 secunda
1202 2048 1252 2088 ibi
1309 2049 1387 2088 ite-

117 2125 208 2152 rum
244 2114 484 2165 audiretur,
515 2121 555 2152 et
587 2111 694 2165 quod
732 2109 798 2152 hic
842 2112 889 2152 de
942 2112 1046 2153 tubis
1096 2112 1152 2154 est
1198 2111 1353 2155 dietum
1377 2143 1390 2164 ,

1284 2189 1382 2228 quo-
