1852 2730
433 169 688 217 Anuls
745 169 832 213 IN
889 171 1140 220 Tvms.
1336 194 1428 236 423

145 305 209 335 tus
242 294 380 335 ambae
415 293 538 335 scalae
571 290 717 334 eodem
756 289 884 334 modo
915 291 1216 335 continuentur
1251 306 1336 350 quo
1390 297 1435 339 in

141 361 247 402 tubis
289 358 565 411 cylindricis‚
618 357 760 399 eadem
797 369 959 413 quoque
993 358 1062 400 lex
1114 361 1437 411 continuationis

140 426 274 468 locum
310 422 468 464 habebit
503 424 531 465 fi
570 422 689 464 tubus
722 424 890 465 conicus
923 424 1047 464 etiam
1087 426 1128 464 in
1175 428 1302 469 altero
1325 468 1328 474 Α
1353 436 1438 469 ter.

142 493 259 532 mino
296 489 372 530 Bb
409 490 529 530 fuerit
565 500 731 540 apertus
756 521 766 540 ,
803 491 909 531 vnde
947 490 1121 543 tequitar
1154 492 1192 531 in
1231 492 1328 533 tubo
1365 506 1435 534 co-

140 557 236 597 nico
273 553 466 606 vtrinque
501 565 648 606 aperto
683 555 927 605 agitationes
963 558 1066 598 aeris
1120 557 1283 606 prorsus
1333 570 1435 605 con..

139 621 279 661 venire
313 629 412 658 cum
450 618 500 658 iis
523 647 535 670 ,
588 628 688 670 quas
740 619 856 672 supra
907 632 985 674 pro
1009 663 1012 668 ,
1037 619 1145 662 tubis
1192 621 1434 674 cylindricis

141 683 418 727 definiuimns.

558 775 884 837 CorolL
974 796 1024 836 2

283 881 386 919 144.
420 866 536 923 Quae
571 867 703 920 igitur
739 867 856 923 supra
891 869 938 910 de
972 869 1076 910 ionis
1097 900 1108 920 ,
1160 882 1261 926 quos
1314 870 1435 914 tibiae

136 944 299 990 apertae
340 936 466 974 edunt
500 930 838 985 'annot-animus,
887 934 1026 974 eadem
1076 948 1240 990 quoque
1293 938 1435 979 locum

136 999 281 1041 habent
316 998 345 1038 fi
381 999 488 1039 tibiis
524 996 655 1049 figura
689 999 830 1039 conica
865 998 1083 1041 tribuatur.
1171 1001 1320 1054 Neque
1372 1013 1434 1042 ta-

140 1077 235 1105 men
273 1063 403 1115 figura
439 1062 563 1103 nimis
596 1064 811 1114 diuergens
840 1063 1005 1103 admitti
1042 1065 1185 1117 potest,
1221 1068 1315 1118 qui-a
1338 1076 1432 1106 tum

137 1129 382 1182 agitationes
430 1140 499 1180 per
552 1138 885 1180 vnamquamque
937 1127 1154 1168 sectionem
1212 1141 1292 1169 non
1343 1143 1434 1170 am-

139 1194 249 1251 plius
284 1194 414 1234 forent
449 1190 707 1245 aequabiles,
751 1192 813 1233 vti
846 1189 1041 1252 Theoriak
1070 1192 1200 1233 nostra
1238 1192 1426 1248 postulat.

552 1299 1042 1374 CorolL.}*

227 1425 229 1427 a
298 1400 400 1443 145.
438 1389 506 1431 Ex
538 1388 617 1430 hoc
656 1389 907 1443 problemate
941 1389 1100 1432 theoria
1136 1389 1333 1447 tuborum
1354 1405 1434 1446 cy·.

138 1454 410 1499 lindricorum
445 1454 662 1495 deducitur
696 1454 724 1495 st
760 1455 941 1497 distantia
985 1454 1007 1496 Ι
1029 1457 1181 1498 Aza
1236 1457 1432 1499 statuatur

138 1520 296 1561 infinita
375 1520 489 1560 Tum
524 1530 664 1560 autem
702 1533 778 1574 pro
810 1519 899 1561 casu
953 1532 1037 1574 quo
1088 1520 1208 1561 tubus
1260 1521 1301 1562 in
1348 1525 1432 1565 Aa

139 1583 194 1623 est
225 1576 373 1623 clausus
406 1584 546 1624 eadem
583 1584 653 1624 lex
686 1597 764 1638 pro
797 1584 1010 1639 Vtriusque
1044 1583 1167 1627 scalae
1208 1587 1432 1627 continua-

141 1649 254 1688 tione
287 1645 523 1695 colligitur,
557 1648 649 1698 quia
685 1648 737 1688 ob
771 1660 797 1687 a
816 1660 868 1687 z
893 1661 934 1686 ω
967 1650 1049 1690 etit
1083 1650 1122 1690 ι’
1138 1650 1265 1692 ms:
1286 1650 1343 1691 T‘
1360 1649 1437 1694 Μ’·

141 1724 181 1754 ct
217 1712 253 1751 ts
272 1711 312 1750 ns
334 1723 446 1751 :—
465 1709 518 1750 T‘
543 1707 620 1752 N'.

595 1821 1013 1883 SchoHon
1101 1848 1145 1883 1.

302 1927 403 1976 146.
439 1923 570 1966 Nunc
603 1924 721 1966 dubia
754 1936 860 1978 quae
897 1927 1016 1981 supra
1066 1924 1171 1967 circa
1225 1937 1428 1981 propaga-

148 1990 304 2032 tionem
340 1988 479 2043 pulsus
512 1990 553 2029 in
589 1989 676 2045 ipso
709 1993 864 2032 vertice
898 1991 990 2033 coni
1041 1990 1212 2033 excitati
1264 1993 1429 2046 supere-

143 2064 265 2104 rant,
300 2055 466 2108 periecte
499 2053 728 2106 tolluntur,
761 2067 856 2098 cum
890 2056 1003 2098 enim
1035 2064 1174 2096 totum
1209 2059 1428 2109 negotium

142 2132 191 2160 eo
226 2118 390 2170 redeat,
437 2122 649 2174 quomodo
684 2131 904 2176 Vtramque
937 2118 1083 2163 scalam
1131 2121 1240 2163 vltra
1294 2124 1428 2174 verti-

143 2193 233 2225 cem
267 2186 361 2227 coni
392 2197 582 2241 oporteat
615 2186 848 2230 continuari
869 2218 882 2240 ,
933 2187 981 2230 ad
1015 2185 1127 2229 hunc
1159 2190 1296 2229 caium
1349 2201 1427 2229 no-

1294 2253 1423 2295 strum
