1852 2730
374 201 812 256 VARIATvaM
849 209 1220 253 TRACTANDI.
1373 206 1426 259 φ,

152 329 386 370 variationis
420 339 567 370 nomen
606 326 831 367 indideram
885 337 1005 379 atquc
1060 325 1306 367 methodum
1360 337 1433 364 cx-

152 395 358 446 posueram
416 393 652 433 variationes
706 393 795 430 inde
848 392 889 431 in
942 391 1093 444 singula
1130 391 1435 446 exprtsiionum-

153 468 296 508 genera
335 459 600 498 redundantes
633 457 874 496 inuenientii.

304 554 346 588 4.
383 539 612 579 Videbatur
643 538 773 590 igitur
801 536 979 577 calculus
998 538 1274 579 variationum
1296 538 1435 578 omni-

155 619 207 648 no
241 603 441 655 singulare
478 602 625 641 calculi
662 612 788 653 genus
820 602 1089 653 constituere,
1145 615 1290 643 verum
1327 603 1436 656 post·

153 682 276 723 quam
314 667 398 708 eius
442 665 622 706 indolem
675 667 900 705 accuratius
955 666 1073 705 essem
1128 667 1438 720 perscrutatus,

153 733 390 775 vniuersum
428 731 534 771 hunc
568 728 771 770 calculum
812 729 997 782 perspexi
1027 728 1111 768 leui
1147 732 1246 770 faeta
1280 733 1441 771 imrnu-

154 799 309 839 tatione
340 797 385 836 ad
421 795 630 836 secundam
665 804 822 846 partem
859 791 1004 833 calculi
1057 793 1272 845 integralis
1321 795 1440 834 cuius

153 863 352 904 elementa
385 861 426 900 in
465 861 587 901 tertio
621 858 840 900 volumine
873 858 1010 912 operis
1043 858 1126 897 mei
1160 860 1210 899 de
1245 856 1321 899 hoc
1377 872 1438 900 ar-

154 937 358 981 gumento
390 925 591 978 exposui,
632 924 770 966 reduci
805 923 925 976 poffe.
1017 922 1265 966 Pertratstaui
1300 932 1439 965 autem

153 995 195 1034 iu
230 992 296 1032 ista
331 990 498 1032 secunda
535 998 646 1044 parte
689 1001 752 1029 eas
805 988 1126 1041 integrationes,
1176 1000 1279 1042 quae
1329 988 1439 1030 circa

153 1057 379 1102 sundtiones
412 1056 585 1096 duarum
624 1052 884 1095 variabiiium
922 1052 1133 1095 versantur
1169 1052 1210 1094 in
1246 1065 1330 1106 quo
1359 1052 1438 1093 cal-

155 1122 238 1163 culi
273 1132 419 1172 genere
455 1119 580 1159 etiam
617 1131 721 1159 nunc
765 1118 840 1159 vix
891 1119 1000 1159 vltra
1052 1117 1186 1171 prima
1238 1118 1445 1159 clementa.

155 1186 345 1241 progredi
381 1184 516 1228 licuit.

309 1287 348 1325 5.
386 1275 508 1317 Illius
543 1275 690 1317 scilicet
726 1276 964 1317 incrementi
1002 1275 1094 1316 ioco
1118 1307 1128 1327 ,
1162 1274 1270 1329 quod
1307 1276 1439 1316 varia-

157 1343 311 1383 tionem
346 1340 572 1395 appellaui‚
610 1341 738 1394 ipsam
783 1343 1053 1395 quantitatem
1079 1355 1108 1390 y
1145 1352 1226 1380 non
1258 1340 1439 1393 amplius

159 1416 371 1460 tamquam
408 1406 659 1447 functionem
704 1406 827 1446 solius
876 1405 1080 1447 variabilis
1126 1417 1154 1445 a·
1201 1403 1439 1456 confidem,

158 1473 219 1512 sed
251 1484 341 1512 eam
375 1482 585 1524 tamquam
629 1471 877 1511 func-‘tionem
931 1472 1116 1511 binarum
1172 1468 1438 1509 variabiiium

159 1547 186 1574 ³:
214 1545 254 1575 et
285 1544 301 1575 t
339 1537 381 1576 in
414 1535 616 1578 caiculum
652 1537 892 1587 introduco,
926 1535 978 1578 fic
1003 1537 1114 1576 enim
1134 1535 1235 1575 dum
1257 1527 1442 1582 (lx-(cla)

1349 1569 1406 1594 dx

162 1605 357 1659 significat
409 1623 557 1651 verum
606 1611 866 1651 differentiale
923 1611 1099 1666 ipsiusy
1135 1608 1227 1649 haec
1263 1609 1442 1651 formula

162 1669 220 1711 dt
242 1664 334 1734 (οὲ-ζ)
370 1672 478 1713 idem
517 1673 746 1727 fignificare
783 1675 936 1731 poterit
958 1706 970 1728 ,
1003 1675 1115 1730 quod
1166 1684 1280 1714 antea
1327 1673 1444 1726 figno

162 1740 229 1796 dy
264 1745 540 1788 iudicauimus,
622 1747 719 1802 Quo
753 1746 849 1788 haec
884 1749 1101 1790 reddantur
1136 1746 1312 1788 clariora
1347 1758 1443 1789 con-

161 1809 419 1863 cipiamusy
452 1821 501 1850 vt
534 1809 778 1863 applicatam
813 1811 1042 1865 cuiuspiam
1079 1820 1228 1850 curuae
1269 1811 1445 1853 abscissae

162 1885 191 1914 x
225 1872 533 1927 respondentem
568 1884 689 1928 atque
722 1876 764 1915 in
799 1875 958 1916 calculo
1002 1874 1282 1914 variationum
1304 1908 1315 1927 ,
1365 1876 1444 1916 alia

163 1937 312 1980 relatio
344 1939 594 1993 requiritur,
628 1950 728 1993 quae
762 1950 907 1981 omnes
937 1936 1033 1979 alias
1065 1949 1212 1979 curuas
1244 1938 1340 1979 huic
1375 1939 1444 1980 sal-

165 2012 250 2044 tem
288 2004 500 2057 proximas
538 2003 870 2058 complectatur,
916 2015 1063 2045 omnes
1112 2012 1248 2046 autem
1298 2003 1447 2046 huius·

165 2068 277 2108 modi
308 2080 452 2109 curuas
474 2101 484 2121 ,
537 2068 566 2109 ss
603 2070 648 2109 X
682 2071 844 2111 denotet
877 2068 993 2111 illam
1029 2070 1283 2111 functionem
1318 2071 1388 2111 cui
1409 2084 1447 2125 y

164 2142 357 2186 aequatur
391 2133 460 2175 tali
496 2133 735 2189 aequatione
769 2135 972 2175 contineri
1002 2135 1442 2187 poffezyzx-1-2V

163 2199 420 2241 manifestum
453 2200 539 2257 est3
568 2200 780 2243 denotante
825 2199 862 2238 V
917 2200 1170 2241 functionem
1221 2211 1445 2256 quamcun-

790 2262 828 2306 E
867 2275 892 2312 3
1361 2275 1440 2317 que
