1852 2730
466 183 549 229 ΒΕ
602 179 802 226 CORDE
858 176 1086 223 LEoNrs.
1329 192 1419 234 507

198 310 235 341 x.
278 298 498 340 Interstitia
540 300 644 342 inter
676 298 772 338 haec
807 295 1016 337 filamenta
1039 325 1051 346 ,
1085 292 1195 349 quafi
1227 293 1421 335 foramina

333 365 539 405 valuulac.

195 440 233 469 z.
273 428 435 470 Minora
468 428 667 469 eiusmodi
705 425 961 467 foraminula.

191 494 244 534 A.
286 494 552 535 Foraminula
590 491 868 544 triangul-aria.

190 556 238 597 Β.
284 558 565 599 Filanientum
603 570 623 597 a
661 556 813 610 papilla
849 568 878 596 0.
915 554 1178 610 productum.

192 621 237 662 C.
261 622 307 664 C.
343 622 570 663 Filamenta
608 632 719 663 retro
753 622 908 674 septum
944 631 1043 661 orta.

190 686 244 728 D.
284 687 377 728 Pars
411 687 600 728 valuulae
638 685 807 726 venosae
848 687 1048 734 posterior.

193 751 240 792 E.
282 751 374 792 Pars
413 751 601 793 valuulae
638 748 789 797 liuius,
823 751 901 789 fere
935 749 1162 799 annularis,
1199 747 1328 788 media
1349 747 1413 790 in·

322 828 383 858 ter
419 819 651 871 portionem
687 815 935 855 anteriorem
969 823 1010 853 et
1046 813 1320 866 posteriorem.

196 882 239 923 F.
284 882 512 924 Filumenta
549 881 671 921 huius
703 879 826 934 partis
868 879 1099 932 posterioris
1151 889 1172 916 a
1226 873 1413 916 musculo

316 954 344 1001 p
363 955 396 1000 p.
435 947 638 1001 produe'ta.

190 1010 240 1052 G.
280 1011 369 1053 Pars
404 1011 596 1053 valuulae
630 1009 794 1050 venosae
819 1038 831 1059 ,
880 1020 980 1062 quae
1014 1006 1125 1047 carni
1161 1004 1290 1046 cordis
1340 1003 1411 1045 ad·

322 1075 459 1117 haeret
481 1104 491 1124 ‚
524 1087 564 1118 et
596 1074 806 1117 orificium
843 1073 1039 1114 venosum
1077 1071 1250 1111 inuestit.

190 1139 237 1182 G.
264 1140 318 1183 H.
352 1140 574 1182 Orificium
613 1140 820 1179 venosum.
890 1137 946 1177 H.
982 1136 1132 1177 Aditus
1168 1136 1209 1175 in
1244 1134 1410 1175 auricu-

321 1206 405 1246 lam
442 1209 644 1247 dextram.

185 1266 222 1307 Ι.
245 1270 293 1309 Κ.
333 1269 521 1309 Valuula
542 1267 794 1307 semilunaris
828 1267 1008 1306 anterior
1040 1261 1213 1304 diffeem.

186 1330 236 1372 L.
278 1330 449 1371 Valuula
508 1330 757 1372 semilunaris
803 1331 844 1370 in
879 1327 1028 1369 orificii
1059 1325 1242 1367 arteriosi
1295 1334 1409 1382 parte

314 1397 458 1437 dextra
494 1395 576 1436 fita.

187 1459 252 1502 M.
289 1461 466 1501 Valuula
503 1462 606 1513 parti
644 1458 816 1500 sinistrae
850 1455 973 1498 huius
1004 1455 1155 1499 orificii
1176 1453 1405 1498 adhaerenS.

183 1522 243 1563 N.
265 1523 322 1565 Ν.
344 1524 403 1565 Ν.
440 1525 553 1565 Bases
588 1526 733 1565 harum
768 1522 1030 1565 valuularum
1070 1520 1136 1563 vel
1164 1522 1285 1562 latera
1305 1532 1406 1562 con·

314 1599 414 1628 vexa
438 1618 449 1638 ‚
483 1590 625 1641 quibus
661 1590 802 1642 parieti
838 1586 986 1628 orificii
1019 1586 1248 1627 adhaerent.

182 1650 226 1693 Ο.
249 1651 295 1693 Ο.
334 1651 539 1702 margines
571 1664 712 1691 earum
746 1650 872 1690 liberi.

182 1715 229 1757 P.
252 1715 296 1759 P.
332 1715 449 1758 Sinus
486 1718 590 1756 inter
626 1715 807 1756 valuulas
839 1725 878 1755 et
913 1713 1083 1754 arteriae
1119 1712 1312 1766 parietem
1339 1710 1398 1751 in·

318 1781 485 1835 tercepti
507 1809 518 1829 ,
568 1792 650 1833 quo
687 1780 776 1820 loco
810 1779 954 1819 arteria
989 1779 1113 1819 etiam
1150 1776 1277 1830 paulo
1310 1785 1400 1817 am-

317 1845 425 1901 psior
455 1845 535 1894 est,
571 1845 677 1885 vnde
710 1843 814 1884 finus
845 1852 1055 1894 augentur.

179 1909 297 1973 QQ
335 1911 381 1951 ln
418 1908 494 1950 hoc
532 1909 626 1951 loco
663 1909 810 1949 arteria
846 1906 968 1962 paulo
1009 1904 1259 1948 constrictior
1308 1904 1362 1947 est
1384 1934 1397 1957 ,

316 1986 356 2016 et
389 1986 554 2016 externe
591 1975 779 2028 primum
816 1985 868 2014 ex
907 1974 1024 2014 corde
1061 1972 1250 2022 emergit.

182 2038 233 2081 R.
255 2040 307 2084 R.
327 2039 374 2081 R.
408 2037 642 2080 Tubercula
679 2038 762 2080 siue
800 2037 940 2079 noduli
974 2035 1109 2078 callosi
1132 2067 1144 2087 ,
1177 2036 1219 2075 in
1252 2032 1398 2089 quibus

313 2106 591 2147 extremitates
625 2102 888 2145 valuularum
924 2101 1188 2143 conueniunt.

181 2167 231 2210 S.
270 2170 454 2211 Truncus
489 2169 655 2211 arteriae
696 2167 944 2224 pulmonalis
981 2167 1176 2210 dissectus.

716 2233 814 2277 sss
854 2246 878 2273 2
1222 2227 1268 2271 T.
1307 2226 1394 2272 An-
