1852 2730
201 195 500 242 caocssNr.
535 192 822 237 TEMPORE
862 192 1207 239 TRANsnvs.
1275 203 1368 251 679

91 316 312 368 fientibus,
360 325 459 370 quae
500 321 711 357 remanent
747 309 903 354 IVtam
937 322 978 355 et
1012 313 1208 355 XIVtam
1239 315 1372 355 obscr-

87 383 296 425 vationem
332 379 614 431 excludendo,
667 379 805 419 medio
839 388 958 433 capto
999 379 1107 420 idem
1160 379 1374 422 inuenitur

96 440 153 498 5¹⁵.
180 443 260 489 26‘.
282 441 361 497 7¹¹,
410 456 540 498 quum
595 444 723 497 igitur
757 443 866 484 idem
905 455 1068 499 tempus
1104 457 1180 499 pro
1216 444 1373 488 Parisiis

89 512 242 554 incidat
275 512 316 553 in
356 505 443 554 10¹³.
469 508 552 561 36¹.
574 506 657 562 40¹¹
690 510 853 552 circiter
875 539 886 561 ,
919 510 1144 553 differentia
1180 511 1373 554 meridia·

93 589 242 618 norum
280 577 382 617 inter
419 577 601 618 Lutetias
636 575 877 618 Parisiorum
912 587 952 618 et
993 576 1246 618 Noritonum
1300 576 1371 619 ha·

89 641 246 683 bebitur
284 633 338 689 5'’.
365 640 437 680 10¹.
463 641 548 692 33¹¹
565 642 724 696 optime
744 643 984 683 conueniens
1004 653 1100 682 cum
1133 641 1215 692 ista,
1247 653 1371 695 quam

90 718 143 748 ex
193 706 530 748 obseruationibus
576 707 683 748 circa
734 706 899 759 eclipses
954 706 1190 749 Satellitum
1255 705 1372 749 louis

96 770 297 813 Noritoni
335 771 442 813 fastis
475 771 670 813 deducere
708 771 839 813 licuit.

248 905 284 944 8.
318 899 519 956 Quamuis
553 902 670 945 valor
701 901 905 942 distantiae
942 901 1140 943 minimae
1174 898 1256 941 iam
1305 898 1374 941 in·

92 973 269 1015 ventus,
319 977 371 1005 ex
422 967 743 1009 conclusionibus
795 965 956 1018 egregie
998 966 1104 1006 inter
1138 966 1175 1006 se
1208 964 1373 1005 consen-

91 1029 283 1070 tientibus
330 1028 490 1072 elicitus
542 1033 622 1081 fit,
672 1035 770 1072 adeo
822 1040 870 1071 vt
912 1030 988 1072 hoc
1028 1042 1080 1072 ex
1121 1029 1258 1082 capite
1296 1041 1373 1081 pro

89 1093 340 1134 exactissimo
376 1095 509 1137 haberi
544 1098 735 1144 deberet,
783 1095 953 1138 diffiteri
990 1104 1126 1135 tamen
1174 1092 1375 1135 nolumus

90 1159 202 1198 nobis
236 1158 419 1198 multum
457 1160 657 1213 probabile
693 1161 822 1200 videri
847 1190 859 1210 ,
906 1159 1078 1201 eundem
1114 1169 1198 1198 vno
1231 1157 1372 1198 saltem

90 1223 262 1264 secundo
292 1224 519 1274 augendum
556 1224 641 1266 effe.
728 1224 914 1266 Indolem
969 1225 1081 1264 enim
1133 1221 1373 1263 obseruatio-

91 1298 194 1326 num
230 1298 307 1339 pro
339 1287 528 1328 distantiis
564 1289 803 1341 marginum
836 1288 940 1331 Solis
971 1298 1013 1329 et
1067 1287 1238 1327 Veneris
1292 1286 1372 1327 mi-

89 1360 295 1391 crometro
329 1351 536 1392 obiectiuo
569 1354 804 1407 capiendis,
854 1353 1123 1394 institutarum
1173 1352 1246 1404 qui
1297 1351 1375 1392 rite

93 1415 391 1467 perpenderit,
449 1414 564 1456 facile
616 1416 803 1456 concedet
855 1415 994 1456 multo
1047 1414 1249 1454 maiorem
1299 1415 1375 1454 effi:

93 1476 416 1532 probabilitatem
437 1507 449 1528 ,
483 1488 529 1520 vt
567 1478 715 1520 harum
750 1480 1032 1521 distantiarum
1069 1480 1275 1518 mensurae
1310 1478 1381 1518 iu-

94 1541 150 1582 sto
182 1542 376 1593 prodeant
411 1546 580 1586 maiores
601 1574 614 1594 ,
646 1556 769 1597 quam
806 1554 852 1582 vt
886 1544 927 1584 in
961 1540 1113 1584 defeetu
1150 1551 1371 1594 peccarent.

93 1606 157 1647 Ad
194 1605 475 1647 inueniendam
511 1609 658 1649 scilicet
694 1606 923 1647 distantiam
961 1606 1199 1657 marginum
1248 1606 1374 1645 mini-

96 1679 209 1710 mam
246 1681 288 1709 ea
323 1669 591 1711 instrumento
625 1670 750 1711 tribui
784 1671 895 1712 debet
930 1669 1107 1724 positio,
1151 1680 1228 1721 qua
1264 1668 1372 1710 rec'ta

96 1745 168 1788 per
202 1743 335 1774 centra
370 1734 473 1776 Solis
506 1744 546 1776 et
584 1735 755 1775 Veneris
790 1734 979 1775 tranfiens
1011 1744 1107 1775 cum
1135 1733 1214 1786 ipsa
1237 1732 1375 1774 sectio-

96 1809 146 1838 ne
184 1795 362 1838 lentium
398 1800 438 1839 in
476 1797 756 1840 Micrometro
789 1798 926 1842 exacte
963 1798 1185 1848 congruit,
1219 1797 1257 1837 in
1293 1797 1376 1839 alio

99 1874 198 1903 vero
230 1874 465 1915 quocunque
517 1864 769 1905 instrumenti
823 1862 932 1915 situ,
982 1863 1164 1903 distantia
1220 1864 1384 1914 margi-³

96 1938 197 1967 num
232 1938 326 1967 vera
361 1928 493 1967 maior
528 1928 702 1970 inueniri
738 1928 865 1971 debet.
949 1926 1093 1983 Quum
1129 1926 1256 1978 igitur
1299 1938 1376 1982 pro

95 2001 332 2043 vnaquaque
365 1991 637 2035 obseruatione
673 2005 753 2034 non
789 1991 861 2033 nisi
899 1993 1018 2034 vnica
1060 1989 1256 2045 positione
1310 1991 1374 2032 in-

98 2055 310 2096 strumenti
344 2055 526 2098 distantia
559 2059 794 2110 marginum
850 2069 946 2098 vera
998 2056 1170 2097 inueniri
1222 2065 1374 2109 queat,

97 2118 226 2171 liquet
259 2120 431 2162 omnino
472 2124 654 2163 maxime
703 2121 901 2175 probabile
955 2119 1066 2171 esse,
1117 2131 1164 2160 vt
1224 2119 1374 2160 harum

96 2182 379 2243 distantiarum
431 2189 637 2230 mensurae
695 2187 800 2229 veris
850 2185 1058 2242 aliquanto
1109 2185 1373 2227 inueniantur

1187 2260 1375 2298 maiores,
