1852 2730
376 825 1242 903 MATHEMATICA.

790 974 838 1045 Ι.

175 1093 273 1156 De
317 1093 517 1156 solidis
560 1112 808 1173 quorum
854 1085 1208 1171 superficiem
1252 1089 1309 1147 in
1343 1082 1458 1171 plass

484 1198 625 1238 num
671 1176 956 1259 explicare
1000 1176 1149 1233 licet.

371 1309 632 1376 Aufflore
678 1311 743 1373 L.
789 1310 1002 1371 Eulero
1045 1329 1176 1392 pag.
1224 1328 1274 1383 3.

175 1482 483 1709 Notum
520 1498 576 1542 est
612 1508 663 1539 ex
698 1497 779 1554 ipsa
814 1493 1052 1540 Geometria
1088 1494 1334 1540 elementari
1382 1505 1461 1548 cy·

401 1563 553 1606 lindros
606 1570 646 1603 et
697 1575 819 1605 conos
872 1575 916 1604 ca
964 1564 1135 1616 gaudere
1179 1560 1464 1616 proprietate,

402 1629 510 1683 quod
543 1639 689 1670 eorum
724 1623 954 1682 superficies
986 1630 1027 1669 in
1061 1627 1232 1682 pIanum
1266 1625 1467 1679 explicari

404 1701 559 1744 queat,
607 1703 707 1746 quae
757 1693 983 1747 proprietas
1032 1694 1078 1734 ad
1129 1691 1275 1733 omnia
1321 1691 1467 1733 deinde

182 1765 359 1808 corpora
414 1753 640 1805 cylindrica
691 1767 732 1797 et
779 1757 918 1797 conica
968 1757 1232 1804 extenditur,
1286 1763 1468 1807 quorum

181 1816 331 1859 basibus
367 1816 500 1871 figura
531 1829 788 1872 quaecunque
823 1820 1054 1870 tribuitur3
1102 1827 1245 1860 contra
1279 1830 1383 1860 vero
1417 1820 1469 1860 de

183 1881 347 1937 sphaera
377 1880 552 1934 constat,
586 1884 671 1924 eius
705 1881 964 1938 superficiem
1004 1882 1118 1924 nullo
1152 1883 1276 1925 modo
1308 1883 1349 1923 in
1383 1882 1470 1938 pla-

182 1959 286 1989 num
340 1947 543 2002 explicari
595 1946 678 1989 fiue
731 1947 940 2002 superficie
991 1946 1107 2002 plana
1148 1947 1290 1990 obduci
1327 1948 1470 2001 poffe3

182 2013 358 2067 quaestio
392 2013 521 2065 igitur
559 2011 658 2054 hinc
694 2014 865 2055 nascitur
899 2015 1079 2055 maxime
1120 2022 1261 2054 notatu
1314 2013 1469 2066 digna,

182 2090 267 2132 quo
297 2077 526 2119 charactere
559 2090 604 2119 ea
637 2077 761 2120 solida
799 2076 988 2120 instructa
1021 2077 1094 2118 effe
1126 2086 1320 2133 oportet,
1361 2089 1468 2131 quo-

185 2155 280 2183 rum
317 2141 576 2196 superficiem
617 2143 658 2183 in
702 2143 869 2197 planum
924 2140 1126 2195 explicare
1179 2143 1302 2195 licet,
1351 2151 1472 2195 atque

182 2209 270 2250 eius
318 2208 562 2263 quaestionis
612 2217 690 2250 tres
737 2207 918 2262 omnino,
963 2207 1180 2250 solutiones
1234 2209 1280 2248 ab
1313 2204 1469 2247 Illustr-

866 2283 888 2312 a
929 2282 954 2321 3
1330 2269 1470 2310 Eulero
