1852 2730
378 187 470 228 514
757 160 1268 211 ANATOME

378 293 457 334 sere
496 289 652 342 semper
687 284 876 326 incedunt
898 313 908 333 ‚
943 279 1196 334 venulaeque
1230 276 1464 332 ramulum,
1497 292 1550 323 ex
1583 281 1657 323 lie-

380 356 461 397 nali
499 367 600 395 vena
633 360 772 393 ortum
798 379 808 398 ,
840 346 997 398 fingula
1030 357 1174 386 eorum
1223 346 1452 387 includunt.
1535 346 1658 388 Latus

379 418 604 462 ventriculi
643 419 881 463 internum,
912 421 1174 465 connexaque
1210 410 1403 465 inprimis
1438 411 1659 465 pancreatis

382 486 501 527 faci=.s
537 491 711 534 vtroque
746 477 900 518 horum
935 475 1121 516 vasorum
1166 486 1310 527 genere
1364 475 1456 516 satis
1503 476 1661 531 copiose

386 550 638 590 instruuntur
666 576 676 595 ,
712 553 941 596 eorumque
975 552 1053 595 ope
1102 540 1324 583 are'tissimo
1373 552 1470 581 cum
1522 539 1662 595 hepate

386 624 491 652 nexu
529 612 845 662 coniunguntur.

534 706 700 760 Vestmla
729 705 833 759 fellis
866 703 1063 757 oblonga,
1099 704 1177 747 bile
1213 704 1365 760 repleta
1387 735 1398 756 ,
1431 703 1663 747 substantiae

385 772 508 815 solito
537 771 761 821 cralfioris,
803 769 952 810 αἰιέῖιιηι
985 768 1156 822 estivam
1193 770 1473 810 manifestu1n
1499 780 1550 808 ex
1603 771 1663 811 in·

387 840 531 878 feriole
567 838 627 877 sud
657 836 922 876 extremitate
957 833 1119 887 obhque
1155 837 1341 876 deorlum
1376 847 1420 875 ac
1468 833 1670 876 finistror·

386 905 475 946 ium
511 901 672 943 em1ttit
695 933 706 952 ,
758 901 797 940 in
831 911 1009 940 concana
1047 899 1109 939 seu
1146 901 1302 942 interna
1337 898 1495 953 hepatis
1529 898 1669 953 super·

391 966 485 1008 fieie
509 998 520 1017 ,
572 977 613 1008 et
658 965 823 1019 quidem
865 965 971 1004 inter
1009 965 1138 1018 ipsum
1175 965 1297 1006 huius
1333 964 1492 1005 visceris
1525 975 1672 1020 corpus

389 1044 436 1073 ac
471 1033 689 1072 secundum
723 1029 856 1070 dextri
896 1027 1031 1068 lateris
1066 1027 1208 1070 lobum
1231 1062 1242 1080 ‚
1297 1030 1454 1069 nudum
1488 1030 1567 1069 fere
1602 1030 1673 1070 de-

387 1106 652 1144 currentem,
700 1105 739 1135 et
775 1092 998 1134 ventriculi
1053 1094 1165 1135 satiei
1222 1095 1389 1149 posticae
1442 1093 1671 1136 obuersam.

389 1160 620 1216 oesophagi
659 1159 809 1200 trastus
851 1159 1081 1199 adscendens
1111 1189 1122 1208 ,
1174 1158 1453 1199 ventriculum
1507 1161 1670 1201 tandem

393 1227 578 1276 subiens,
615 1224 827 1275 ligamenti
867 1222 941 1261 lati
975 1234 1066 1277 ope,
1100 1237 1122 1262 e
1157 1223 1460 1273 diaphragma-ate
1495 1233 1539 1260 ae
1575 1234 1671 1262 con-

393 1300 522 1340 caua,
556 1299 684 1340 eaque
722 1286 855 1326 media
893 1286 1049 1337 hepatis
1084 1284 1293 1335 superficie
1327 1283 1548 1337 producsti,
1599 1283 1673 1337 ipfi

392 1353 534 1406 hepati
585 1350 801 1398 adhaeret,
850 1348 1106 1388 ventriculus
1155 1359 1254 1388 vero
1308 1358 1506 1399 nusquam
1535 1377 1546 1397 ‚
1599 1348 1672 1388 niss

395 1417 503 1458 circa
542 1415 728 1469 posticam
767 1424 807 1453 et
852 1411 1061 1454 lateralem
1113 1411 1251 1465 pylori
1305 1414 1481 1461 Iac2em,
1536 1413 1673 1453 eidem

393 1481 500 1523 arere
527 1511 538 1534 ‚
573 1479 766 1531 affigsstur.

547 1574 588 1619 Si
623 1573 857 1630 oessphagum
899 1571 1028 1626 quoad
1080 1580 1292 1613 externam
1345 1572 1485 1613 faciem
1521 1583 1542 1611 a
1577 1583 1676 1613 ven·

401 1640 586 1691 triculo,
637 1641 706 1694 qui
741 1649 918 1687 omarus,
957 1637 1132 1688 crassus,
1183 1648 1227 1678 ac
1261 1637 1405 1677 auium
1440 1636 1678 1689 graniuora·

401 1718 497 1748 rum
553 1704 785 1746 ventriculo
837 1700 981 1743 fimilis
1032 1702 1085 1743 est
1127 1731 1140 1752 ‚
1186 1703 1415 1752 dignoscere
1469 1700 1679 1742 velimus:

400 1783 569 1814 omnem
607 1770 727 1811 illum
763 1766 937 1808 trastum
966 1798 977 1815 ,
1012 1776 1094 1806 tam
1131 1777 1149 1805 a
1185 1763 1490 1818 diaphragmate
1513 1795 1525 1815 ,
1578 1776 1679 1819 pone

402 1836 556 1888 hepatis
593 1835 781 1888 posticam
812 1861 823 1881 ,
855 1843 1025 1882 eamque
1059 1841 1283 1870 connexam
1320 1841 1492 1881 partem,
1523 1830 1678 1870 descen·

407 1901 569 1941 dentem
593 1929 603 1946 ‚
637 1909 758 1952 qnam
792 1896 916 1936 etiam
954 1894 1230 1934 alcendentcm
1252 1924 1262 1942 ‚
1313 1896 1382 1947 qni
1428 1896 1540 1934 iuxta
1577 1895 1678 1935 duo-

407 1967 560 2007 denum
595 1972 634 2002 et
675 1971 853 2016 pancreas
885 1959 938 1999 est
960 1989 970 2008 ,
1006 1957 1115 1997 ill1us
1150 1958 1314 1997 nomine
1368 1958 1558 2010 inslgnire
1609 1959 1679 1998 de-

408 2030 561 2068 bemus.
630 2026 699 2066 Sin
735 2037 835 2064 vero
868 2025 956 2062 eins
987 2021 1141 2060 limites
1174 2032 1224 2059 ex
1261 2023 1410 2061 interna
1445 2023 1555 2072 facie,
1598 2034 1680 2061 eos-

407 2103 484 2145 que
537 2090 582 2128 nd
635 2089 812 2129 aliorum
873 2086 1041 2137 piscium
1093 2084 1353 2135 analogiam,
1409 2088 1679 2127 determinare

409 2154 522 2197 nobis
557 2152 745 2208 placeat:
775 2150 953 2192 eiusdem
990 2149 1138 2191 trac'tus
1160 2178 1172 2201 ,
1203 2156 1241 2189 et
1300 2150 1465 2203 quidem
1519 2151 1680 2192 descen·

1552 2215 1682 2255 dentis
