1852 2730
396 181 485 229 318
795 175 910 218 DE
976 175 1249 219 MOTV

393 291 642 346 primarium
681 289 719 334 G
741 291 777 332 H
814 291 1012 332 eiusmodi
1047 291 1200 338 duplex
1236 289 1403 338 agitatio
1445 291 1664 342 sentietur,

391 354 440 387 Vt
474 358 549 399 pro
593 356 720 399 priort
769 349 900 400 elapso
951 356 1136 401 tempore
1188 363 1240 389 z
1263 353 1338 390 At
1360 344 1399 387 V
1423 343 1490 414 ἦ
1527 353 1579 392 ibi
1615 354 1663 396 fit

393 421 559 462 densitas
620 432 643 471 q
662 434 712 460 z
735 419 770 460 Β
790 419 801 470 (
830 432 845 457 1
872 441 912 446 —
932 419 945 464 ἑ
965 430 981 461 t
1002 433 1024 460 n
1041 429 1100 469 -ι-
1119 425 1133 469 3
1155 431 1171 462 t
1191 426 1262 474 m)
1319 395 1504 466 εεΙετὶῗιιε
1569 440 1665 470 vero

393 497 418 524 Β
437 499 487 526 3
506 487 518 530 g
540 480 579 535 (t
602 494 625 521 n
643 504 683 509 -
701 491 717 521 t
737 484 804 534 m)
829 476 867 519 V
892 482 955 544 Ξ-ῗέ
979 500 991 536 3
1042 498 1117 539 pro
1160 487 1367 540 posteriori
1405 501 1503 531 vero
1535 490 1666 546 elapso

393 567 579 608 tempore
614 569 667 594 z
689 555 723 594 Α
745 556 782 594 Τ
805 553 840 591 V
863 548 931 627 7271
955 587 966 607 ,
1018 557 1152 598 futura
1204 557 1253 600 fit
1303 560 1466 601 densitas
1515 576 1538 615 q
1559 576 1605 601 Ξ
1632 565 1665 607 Β

391 625 433 681 (1
460 630 527 674 ÷g
551 636 567 667 t
588 638 610 667 n
629 649 669 654 —
689 631 702 674 ξ
722 636 738 668 t
759 631 810 676 m)
841 642 881 671 et
915 629 1098 672 celeritas
1133 643 1157 670 ε
1178 645 1228 672 z
1248 637 1261 679 ξ
1281 636 1313 673 (t
1334 645 1414 672 n—
1432 643 1448 673 t
1469 632 1663 702 νήγὲἕΐέ.

393 701 564 742 Tardius
597 712 736 742 autem
774 702 909 756 pulsus
943 702 1010 746 hic
1041 706 1232 759 posterior
1283 709 1329 748 ad
1365 706 1410 747 A
1464 715 1665 765 pertinget

391 775 577 819 tempore
613 782 661 808 z
687 780 708 805 2
735 766 767 807 B
792 763 893 807 HV
915 759 991 836 ἐξ.
1056 769 1176 811 Vnde
1219 782 1327 825 patet
1379 770 1405 811 fi
1462 775 1499 814 in
1549 778 1665 829 pulsu

390 841 607 897 principali
646 842 791 896 vbique
810 842 904 884 effet
935 851 951 882 t
971 854 994 881 n
1014 850 1129 883 :tm
1163 854 1249 884 turn
1287 849 1421 885 versus
1457 845 1499 885 A
1539 849 1664 889 nullas

391 905 510 961 plane
546 907 787 958 agitationes
818 906 1043 948 excitatum
1079 907 1166 959 iri,
1214 917 1355 949 contra
1399 921 1497 951 vero
1532 913 1662 954 nullas

391 971 528 1012 versus
563 971 596 1012 B
632 969 661 1011 fi
694 971 815 1012 fuerit
847 979 864 1011 t
884 983 969 1012 n:
990 978 1130 1011 -tm.

805 1079 1113 1149 CorolL
1190 1102 1227 1140 L

543 1198 614 1240 39.
648 1185 696 1228 In
734 1187 820 1241 ipso
851 1200 949 1240 ergo
981 1187 1144 1230 orificio
1179 1188 1267 1232 BB
1302 1190 1385 1232 tnbi
1407 1192 1541 1245 pulsus
1562 1194 1659 1235 fim-

391 1248 488 1304 plex
520 1253 769 1292 excitabitur
795 1281 807 1299 ‚
839 1253 966 1302 ibique
1004 1254 1144 1292 vnicus
1177 1254 1290 1292 sonus
1321 1257 1576 1306 exaudietur3
1616 1258 1656 1296 in

391 1313 491 1354 tubo
522 1323 656 1354 autern
692 1316 738 1354 ad
767 1313 906 1366 pulsus
939 1315 1073 1354 locum
1108 1316 1323 1356 accedendo
1355 1317 1436 1356 duo
1469 1318 1550 1357 soni
1581 1319 1659 1361 suc-

389 1376 529 1419 ceffiue
563 1377 597 1417 se
630 1376 851 1430 excipient,
886 1388 1063 1428 quorum
1103 1377 1364 1429 posteriorem
1400 1389 1446 1418 vt
1477 1382 1657 1423 resonan-

391 1441 494 1491 tjarn
531 1441 677 1492 prioris
712 1440 887 1494 spectare
919 1439 1087 1489 licebit3
1120 1452 1348 1494 corumque
1393 1443 1655 1485 interuallum

389 1514 438 1541 eo
473 1503 603 1544 maius
637 1505 800 1553 euadet,
834 1516 915 1556 quo
950 1503 1077 1555 magis
1109 1505 1156 1544 ad
1191 1504 1353 1557 pulsum
1390 1506 1657 1560 principalem

388 1563 427 1608 G
447 1566 484 1607 H
521 1568 905 1621 appropinquemus.

791 1674 1107 1733 CorolL
1199 1692 1248 1732 2

540 1793 598 1830 40
638 1781 683 1821 In
720 1781 804 1833 ipso
837 1792 972 1821 autem
1010 1781 1145 1835 pulsus
1183 1780 1418 1834 principalis
1449 1780 1537 1822 loco
1571 1779 1656 1824 GH

387 1854 428 1885 et
464 1847 544 1896 post
578 1856 678 1886 eum
714 1846 849 1884 versus
883 1848 920 1886 A
954 1847 1066 1886 binae
1101 1843 1336 1894 agitationes
1384 1858 1433 1885 eo
1486 1848 1654 1898 perlatae

387 1909 610 1950 interuallo
661 1910 858 1961 temporis
907 1924 958 1951 z:
983 1924 1005 1949 2
1027 1907 1060 1949 B
1081 1908 1115 1947 H
1145 1903 1181 1944 V
1203 1899 1266 1975 5}
1317 1919 1338 1946 a
1390 1910 1426 1948 se
1478 1911 1653 1950 inuicem

385 1983 596 2033 distabunt,
630 1987 734 2036 quod
771 1984 796 2023 ii
834 1985 954 2024 fuerit
987 1983 1079 2023 latis
1106 1950 1276 2023 notabile
1295 1979 1489 2035 posterior
1507 1981 1654 2036 prioris

387 2045 495 2099 quasi
531 2047 619 2086 echo
651 2047 865 2086 exhibebit.

1496 2185 1655 2232 Coroll.
