1852 2730
464 163 713 210 AERIS
766 160 853 207 IN
909 160 1165 208 TVBIS.
1372 176 1461 217 299

171 299 248 343 que
281 284 628 330 continuationem
652 315 664 336 ,
715 280 909 338 quaedam
942 276 1279 324 circumstantiae
1324 280 1462 321 maxi-

172 355 234 393 mi
269 350 472 392 momenti
509 351 598 390 sunt
630 347 894 392 euoluendae.
991 344 1136 387 Primo
1170 344 1338 400 quidem
1382 344 1460 386 ob—

172 418 289 459 seruo
323 414 351 455 fi
388 415 505 455 tubus
539 414 731 469 vtrinque
767 413 807 453 in
843 410 1056 452 infinitum
1089 414 1361 462 extendatur,
1396 409 1460 451 so·

175 481 344 521 lutionis
379 479 530 519 nostrae
564 479 879 532 applicationem
934 474 1038 517 nulli
1093 475 1328 518 difficultati
1384 474 1459 516 effe

176 546 424 592 iubicc‘tam3
473 543 563 594 quia
618 545 726 583 enim
766 554 853 582 tum
893 554 966 594 pro
999 541 1096 581 statu
1136 539 1284 582 initiali
1317 541 1456 581 ambae

174 610 295 651 scalae
348 619 417 659 per
473 607 508 645 se
559 607 755 659 vtrinque
806 607 844 645 in
884 604 1097 643 infinitum
1132 608 1458 655 continuantur3

172 674 303 725 elapso
352 669 621 721 quantumuis
672 680 823 720 magno
861 679 1048 721 tempore
1085 677 1134 718 t,
1191 670 1219 711 ss
1257 682 1277 710 a
1311 667 1460 721 quouis

171 736 256 776 axis
294 733 446 787 puncto
480 732 506 774 S
542 735 736 785 vtrinque
774 732 1052 772 abscindantur
1105 731 1320 775 interualla
1372 731 1457 773 ST

172 806 295 847 :Sc
319 802 467 845 :tls
490 803 592 864 ἦέ,
633 806 694 846 liis
730 805 886 861 punctis
927 802 969 843 T
1020 814 1060 845 et
1115 814 1132 844 t
1187 808 1229 848 in
1287 814 1457 858 vtraque

173 877 272 919 scala
315 878 603 918 determinatae
654 879 809 932 temper
859 877 1153 931 respondebunt
1205 877 1458 932 applicatae,

174 954 224 982 ex
258 941 402 997 quibus
437 944 555 984 status
588 942 691 981 a'e'ris
725 943 874 997 x-bique
907 944 950 983 in
986 942 1083 983 tubo
1115 943 1161 984 ad
1217 942 1295 982 hoc
1349 951 1459 982 tem-

175 1018 251 1061 pus
284 1006 444 1047 definiri
481 1006 641 1061 poterit.
725 1007 795 1047 Sin
831 1017 969 1047 autem
1009 1006 1128 1047 tubus
1161 1005 1229 1048 vel
1264 1007 1458 1061 vtrinque

175 1070 242 1111 vel
275 1082 327 1110 ex
360 1070 480 1112 altera
516 1070 654 1111 (altem
692 1081 803 1123 parte
837 1071 960 1110 fuerit
996 1071 1271 1123 terminatus,
1323 1071 1458 1125 ibique

177 1133 259 1174 siue
294 1133 448 1175 clausus
483 1134 563 1176 siue
598 1145 757 1189 apertus
781 1165 792 1185 ,
828 1135 976 1175 ibidem
1014 1147 1174 1189 quoque
1206 1135 1343 1175 ambae
1376 1138 1458 1175 sca-

174 1197 233 1239 lae
269 1201 314 1239 ad
351 1199 495 1239 statum
530 1201 632 1239 a'c'ris
678 1199 877 1240 initialem
929 1200 1128 1240 extrac‘tae
1184 1200 1456 1242 terminentur

173 1261 320 1303 necesse
354 1264 438 1313 est3
490 1262 587 1302 hinc
623 1264 833 1305 necessario
865 1266 1025 1304 eueniet
1060 1273 1106 1303 vt
1152 1272 1340 1318 tempore
1388 1262 1456 1307 la-

172 1325 291 1366 bente
325 1325 534 1367 interualla
568 1326 653 1368 ST
689 1335 728 1366 et
762 1326 787 1369 S
808 1334 825 1364 t
861 1326 927 1367 vel
960 1326 1136 1368 alterum
1173 1326 1312 1369 saltem
1346 1327 1456 1368 vltra

171 1391 366 1433 scalarum
404 1392 630 1432 terminum
665 1391 774 1432 cadat
797 1422 808 1441 ‚
859 1391 913 1431 ita
954 1401 1000 1431 vt
1035 1402 1128 1432 tum
1176 1391 1282 1446 ipsae
1333 1391 1456 1434 scalae

174 1453 304 1493 nullas
338 1456 452 1508 plane
490 1457 742 1510 suppeditent
775 1457 1020 1509 applicatam,
1071 1469 1123 1497 ex
1158 1458 1301 1509 quibus
1350 1457 1455 1497 aeris

176 1517 293 1557 status
326 1519 371 1557 ad
403 1517 501 1558 haec
538 1529 723 1571 tempora
758 1519 918 1560 definiri
954 1531 1085 1574 queat.
1161 1521 1269 1562 Cum
1327 1523 1455 1574 igitur

175 1578 383 1620 solutionis
416 1582 528 1621 datae
584 1593 726 1622 natura
778 1584 932 1636 semper
981 1584 1186 1638 postulet,
1236 1595 1283 1626 vt
1335 1587 1454 1627 scalae

176 1644 368 1696 vtrinque
406 1644 445 1683 in
485 1643 695 1685 infinitum
730 1644 806 1685 smt
839 1648 1122 1699 continuatae,
1173 1648 1329 1689 etiamfi
1384 1659 1455 1689 tu-

177 1707 247 1746 bus
284 1708 445 1748 finitam
480 1707 617 1748 habeat
651 1708 953 1760 longitudinem
992 1712 1227 1752 maximum
1285 1712 1456 1754 solutio-

174 1772 235 1811 nis
273 1783 531 1813 momentum
569 1773 609 1812 in
643 1786 692 1813 eo
728 1775 908 1814 versatur
931 1805 942 1824 ‚
977 1785 1022 1814 vt
1054 1775 1292 1816 definiamus
1314 1808 1324 1826 ‚
1375 1790 1451 1832 qua

175 1833 262 1886 lege
315 1835 374 1876 his
431 1837 576 1877 casibus
631 1848 850 1890 vtramque
897 1837 1032 1878 scalam
1068 1841 1299 1882 continuari
1330 1855 1452 1896 opor-

174 1909 286 1948 teat,
332 1910 376 1941 vt
408 1900 497 1941 inde
532 1913 624 1941 vera
660 1900 810 1942 solutio
861 1901 1059 1944 eliciatur.
1142 1903 1285 1957 Atque
1339 1907 1448 1948 idem

170 1975 330 2017 quoque
367 1966 550 2018 praestari
587 1965 772 2015 debebit,
824 1968 984 2019 quando
1019 1966 1137 2007 tubus
1172 1968 1290 2010 habet
1341 1969 1452 2023 figu-

172 2040 258 2069 ram
297 2029 336 2067 in
374 2031 408 2069 se
448 2029 712 2081 redeuntem3
747 2042 975 2085 quanquam
1012 2033 1120 2072 enim
1158 2031 1223 2072 hic
1259 2033 1343 2074 tubi
1389 2036 1451 2077 di-

171 2092 381 2133 rectricem
419 2103 463 2133 vt
497 2093 648 2135 lineam
683 2095 834 2137 restam
869 2097 1151 2152 repraesent0‚
1188 2106 1328 2140 tamen
1365 2101 1449 2142 iam

747 2181 776 2221 P
799 2193 826 2236 p
864 2192 888 2219 2
1357 2183 1448 2224 satis
