1852 2730
220 1009 343 1053 Figura

221 1059 341 1093 cordis.

226 1110 308 1143 Tab.
339 1112 393 1146 xl.

220 1161 294 1206 Fig.
326 1172 359 1196 2.

420 200 521 239 474·
745 176 827 228 DE
881 185 1083 228 CORDE
1133 184 1308 226 LEON·
1323 187 1362 229 s,

421 301 486 341 vbi
538 311 641 340 vena
696 300 941 352 pulmonalis
995 297 1083 350 (fig.
1124 312 1158 337 1.
1202 296 1254 352 u.)
1306 299 1530 352 pericardio
1576 306 1698 356 exit,

421 379 488 405 cor
524 367 584 404 sua
621 362 693 402 basi
733 365 925 416 inciperet
959 371 999 401 et
1034 374 1236 416 quantum
1277 363 1446 415 longum
1483 365 1564 413 est,
1600 367 1697 418 (fig.

424 441 446 467 ε’.
497 442 528 471 e.
567 426 619 479 b.)
653 428 835 466 deorsum
877 429 910 468 le
941 431 1178 469 extenderet
1230 429 1269 467 in
1322 440 1433 481 parte
1490 430 1699 481 pericardii

421 493 666 546 posteriori3
703 493 806 531 vnde
842 491 953 531 locus
987 494 1120 532 cordis
1154 495 1194 532 in
1233 493 1458 545 pericardio
1494 505 1546 532 ex
1579 507 1696 535 com-

422 556 628 608 paratione
686 555 910 607 figurarum
970 570 988 596 1
1031 567 1071 597 et
1110 571 1131 596 2
1179 557 1301 597 facile*
1328 558 1502 609 intelligi
1542 559 1702 610 poterit.

419 619 530 660 Situs
561 630 699 662 autem
734 622 864 661 cordis
899 624 1021 662 in-eo
1069 623 1272 674 pcr2cardii
1330 622 1420 662 loco
1475 622 1567 662 talis
1619 624 1700 675 est,

420 684 549 738 qualis
583 686 621 724 in
654 684 894 725 animalibus
926 685 999 727 effe
1035 686 1141 725 lolct.
1239 685 1325 727 Basi
1364 699 1510 738 nempe
1545 688 1699 726 (ursum

420 760 460 789 et
493 750 607 802 apice
640 749 741 789 ree'ta
776 751 962 790 deorsum
1012 750 1188 802 respicit.
1274 749 1547 802 Superficies,
1598 763 1698 803 quae

422 813 462 852 in
499 812 667 853 homine
702 814 884 867 superior
916 815 1002 865 est,
1053 814 1230 854 anterior
1276 813 1325 853 ob
1378 813 1485 853 hunc
1542 814 1663 854 situm
1688 845 1698 865 ‚

422 888 462 918 et
497 890 596 931 quae
633 879 797 919 inferior
833 879 872 918 in
910 878 1110 927 homine,
1146 879 1340 932 posterior
1376 880 1413 918 in
1452 879 1565 919 leone
1587 911 1598 930 ,
1654 888 1701 919 vt

422 941 464 982 iu
500 941 666 995 reliquis
698 944 942 985 animalibus
978 943 1299 995 quadrupedibus
1321 973 1332 993 ‚
1364 944 1511 983 euadit.

568 1006 645 1047 Sed
681 1004 834 1057 figurae
868 1006 1048 1060 respectu
1085 1018 1155 1046 cor
1189 1007 1315 1047 leonis
1350 1018 1431 1046 tam
1472 1007 1516 1047 ab
1551 1005 1703 1047 huma-

423 1081 476 1109 no
509 1081 632 1121 quam
669 1071 715 1110 ab
747 1071 924 1110 aliorum
960 1070 1199 1110 animalium
1236 1071 1422 1111 cordibus
1454 1069 1602 1112 differt.
1648 1070 1706 1110 Et

420 1130 516 1173 haec
551 1132 716 1185 figura,
769 1146 850 1174 non
887 1133 1010 1175 modo
1033 1165 1045 1184 ,
1097 1135 1205 1189 quod
1241 1134 1457 1188 singularis
1501 1136 1588 1185 est,
1643 1134 1704 1175 scd

423 1198 516 1237 idco
551 1199 729 1238 maxime
764 1200 895 1239 notari
933 1210 1140 1248 meretur,
1177 1200 1268 1251 qnia
1303 1199 1351 1239 ab
1387 1200 1569 1240 interiori
1607 1200 1705 1239 stru-

422 1260 535 1299 &ura
571 1261 700 1299 cordis
733 1264 912 1312 pendet,
963 1273 1060 1313 quae
1095 1261 1235 1300 itidem
1274 1264 1312 1298 in
1360 1263 1474 1299 leone
1525 1273 1545 1298 a
1602 1259 1701 1297 reli-

423 1323 512 1374 quis
549 1321 789 1362 animalibus
821 1324 954 1363 differt
977 1351 988 1371 ,
1035 1332 1076 1360 et
1111 1324 1153 1360 in
1188 1323 1470 1360 oeconomiam
1531 1320 1699 1361 vitalem

424 1385 628 1426 influxum
666 1385 733 1425 fibi
785 1386 973 1425 vindicat.
1075 1384 1146 1423 Vti
1203 1384 1242 1422 in
1298 1382 1466 1423 homine
1522 1385 1701 1436 superior

425 1451 556 1490 cordis
591 1450 731 1497 facies,
783 1450 834 1489 ita
871 1451 909 1488 in
965 1448 1205 1493 animalibus
1256 1449 1436 1486 anterior
1488 1447 1701 1494 eiusdem,

425 1525 525 1565 quae
559 1511 622 1552 illi
663 1514 868 1566 respondet
889 1541 900 1559 ,
933 1514 1086 1563 semper
1122 1508 1287 1549 notabili
1318 1508 1574 1547 conuexit-„ite
1602 1519 1702 1558 gau-

424 1579 505 1617 det.
570 1575 617 1615 ln
652 1575 818 1617 homine
852 1576 1013 1628 quidem
1056 1573 1150 1613 haec
1184 1573 1300 1613 facies
1338 1572 1516 1610 maxime
1546 1572 1703 1624 promi-

426 1651 493 1679 net
528 1640 662 1677 verl‘us
694 1639 796 1680 basin
821 1669 832 1687 ,
885 1639 926 1677 in
957 1650 1006 1677 eo
1038 1635 1155 1686 loco,
1198 1635 1264 1676 vbi
1300 1637 1446 1674 arteria
1483 1635 1700 1686 pulmona-

427 1703 478 1744 lis
511 1704 726 1751 exoritur,
775 1714 814 1742 et
852 1704 893 1742 in
933 1702 1061 1741 media
1097 1702 1154 1741 sui
1210 1711 1330 1752 parte.
1417 1699 1514 1740 Inde
1568 1700 1703 1739 versus

427 1770 629 1807 anteriora
665 1766 880 1815 maxime,
936 1765 1058 1820 paulo
1093 1766 1227 1804 minus
1279 1763 1410 1802 versus
1458 1763 1669 1815 posteriora
1691 1791 1702 1810 ‚

425 1832 591 1871 declinis
628 1832 667 1870 in
707 1834 907 1880 margines
942 1830 1051 1875 abit,
1104 1840 1282 1879 quorum
1316 1827 1492 1865 anterior
1542 1828 1702 1868 acutior

429 1896 700 1946 tenuiorque,
758 1895 947 1947 posterior
981 1891 1159 1933 obtusior
1193 1901 1232 1929 et
1287 1890 1432 1928 crassus
1484 1890 1550 1930 est.
1653 1890 1700 1930 In

428 1959 672 1999 animalibus
704 1971 747 1998 ca
785 1960 964 1997 maxime
995 1955 1215 1996 differentia
1250 1953 1302 1992 cll
1324 1983 1336 2003 ,
1385 1964 1431 1994 vt
1464 1953 1607 1994 nullibi
1639 1966 1703 2006 pe-

427 2022 639 2062 culiariter
674 2021 768 2060 haec
806 2023 915 2061 facies
950 2020 1209 2072 promineat,
1261 2018 1319 2055 led
1371 2017 1525 2071 aequali
1579 2020 1703 2058 modo

431 2097 612 2126 connexa
667 2084 742 2130 sit,
795 2097 921 2135 neque
979 2084 1177 2132 nnirgincs
1218 2082 1379 2132 proprie
1414 2083 1615 2135 producat·
1642 2084 1700 2122 sed

431 2162 503 2190 cor
539 2149 673 2202 potius
712 2158 809 2188 teres
843 2149 901 2189 seu
939 2148 1180 2186 conoide-uin
1215 2145 1393 2193 efficiat,
1442 2158 1490 2186 co
1545 2146 1701 2195 magis,

1603 2220 1702 2248 cum
