1852 2730
335 230 792 284 ‘ACIPENSERIS
843 236 1182 283 RVTHENI.
1302 248 1390 293 523

238 352 292 394 A.
329 352 419 393 Pars
452 351 659 395 auriculae
693 353 890 405 inferior,
922 353 1084 395 reseeaea.

186 484 192 490 .
241 431 289 473 Β.
327 430 469 472 Cordis
502 427 624 484 (quod
663 430 767 471 inter
797 432 917 472 corda
973 433 1097 473 vnius
1144 431 1404 485 duorumque

314 495 642 536 ventriculorum
691 493 899 549 ambigit)
933 498 1086 538 cauitas
1117 495 1144 539 s.
1179 495 1401 539 ventriculi

239 570 286 615 C.
305 567 352 612 C.
388 568 631 610 §ubstantiae
664 571 794 611 cordis
829 571 1032 613 sestioncs.

242 644 299 687 D.
336 643 509 685 Valuula
543 645 676 686 cordis
710 645 855 688 maior.

246 721 299 763 E.
339 721 487 763 Minor.

242 787 288 828 F.
325 785 520 828 Minima.
838 791 864 809 ⁸*

245 850 300 894 G.
319 850 369 894 G.
404 850 547 892 Lobuli
581 849 713 892 cordis
745 849 892 893 diffeffl
927 849 1039 893 facies
1072 849 1245 893 interior
1269 881 1280 902 ‚
1316 861 1407 891 mu·

318 917 465 957 sculosa
487 947 498 966 ,
530 914 713 956 reticulis
745 915 844 957 hinc
879 925 921 956 et
953 916 1044 956 inde
1080 914 1309 966 lacertosis,
1341 915 1409 956 la·-

319 981 516 1034 cunisque
547 981 679 1022 cordis
715 981 833 1021 instar
854 1011 866 1030 ,
896 980 1096 1023 distinC'm.

243 1043 295 1085 H.
332 1045 464 1086 Locus
484 1075 496 1095 ,
529 1047 576 1086 ad
609 1057 734 1098 quem
769 1047 900 1086 aditus
933 1056 954 1083 e
985 1045 1120 1086 cordis
1145 1044 1317 1086 cauitate
1337 1055 1410 1085 an-

320 1110 470 1150 teriore
504 1112 544 1150 in
582 1110 846 1165 posteriorem
881 1117 1009 1163 patet.

676 1223 765 1275 Fig.
837 1233 876 1272 5.

276 1303 364 1347 Cor
396 1302 552 1358 (sterata
585 1303 758 1344 seffione
812 1302 1102 1357 longitudinum
1127 1335 1139 1354 ‚
1190 1315 1262 1358 per
1313 1301 1412 1344 alte«

126 1379 222 1410 rum
257 1369 380 1423 ipfius
414 1370 549 1420 latus,
600 1369 670 1409 sub
703 1367 856 1419 angulo
896 1381 993 1408 cum
1050 1371 1185 1423 priore
1236 1366 1410 1407 sestione

102 1444 272 1485 ,acuto,
319 1444 359 1474 et
392 1435 560 1488 quidem
595 1433 812 1476 secundum
849 1433 960 1473 viam
983 1463 994 1483 ‚
1045 1446 1067 1472 e
1103 1430 1334 1473 ventriculo
1369 1430 1413 1470 in

129 1496 298 1535 bulbum
333 1500 551 1539 ducentem
577 1528 587 1548 ‚
634 1495 767 1551 facia)
801 1509 879 1538 vna
911 1510 1003 1538 cum
1037 1507 1172 1539 nortae
1205 1495 1326 1538 bulbo
1371 1501 1415 1536 et

132 1558 214 1612 ipsa
247 1571 358 1600 aorta
393 1572 594 1615 apertum.

250 1638 303 1677 A.
340 1638 432 1677 Pars
467 1637 688 1678 ventriculi
722 1637 886 1678 alterius
922 1637 1058 1678 lateris
1081 1666 1092 1685 ‚
1147 1638 1188 1677 in
1232 1637 1322 1686 Fig.
1367 1645 1411 1684 4.

326 1702 586 1753 potiffimum
622 1701 715 1739 visa.

250 1764 296 1806 B.
336 1766 430 1805 Pars
465 1763 683 1805 ventriculi
719 1762 839 1804 huius
873 1761 1018 1805 lateris.

248 1827 298 1870 C.
321 1828 369 1870 C.
408 1829 578 1881 Septum
616 1828 746 1867 cordis
780 1829 1046 1870 dimidiatum
1070 1858 1082 1879 ,
1130 1841 1154 1868 e
1206 1825 1416 1870 columnis

319 1895 473 1933 carneis
508 1893 697 1933 constans.

251 1956 306 1999 D.
329 1958 375 1998 E.
412 1957 658 1999 §ubstantiae
689 1955 824 1997 cordis
857 1957 1059 1998 seffioneS.

258 2023 303 2063 F.
340 2023 471 2064 Sestio
504 2022 734 2064 substantiae
768 2021 896 2064 cordis
936 2022 1091 2062 mediae
1135 2021 1183 2062 ad
1239 2021 1276 2063 E
1325 2033 1416 2076 pet·

327 2087 502 2128 timentis.

250 2149 301 2193 G.
325 2150 374 2193 G.
409 2151 459 2193 G.
495 2151 754 2195 Lobulorum
807 2151 942 2192 cordis
996 2149 1254 2191 dissustorum
1302 2151 1418 2191 facies

325 2217 504 2260 interior.

738 2282 775 2324 V
799 2293 827 2323 v
847 2293 874 2322 v
895 2280 940 2321 '2
1358 2277 1413 2317 H.
