1852 2730
414 185 510 233 326
831 185 1272 228 DEMorv

824 293 1136 352 Coroll.
1228 315 1274 353 ρ.

570 413 639 449 50-
674 401 784 443 Cum
822 414 1006 455 tempore
1048 415 1070 440 ε’.
1093 401 1241 446 ABV
1264 395 1334 474 ,ΖΞ-α
1368 414 1543 460 quatuor
1590 402 1682 458 pul-

408 476 469 519 sus
519 478 715 524 edantur,
768 473 934 525 singulis
985 477 1155 517 minutis
1202 478 1374 520 secundis
1405 480 1593 521 euenient
1628 479 1684 540 AL}

410 543 543 607 ’ν’-ξ]
577 544 741 598 pulsuS,
776 547 847 601 qui
883 560 1076 590 numerus
1111 550 1139 591 fi
1178 552 1262 594 AB
1297 553 1336 592 in
1375 552 1534 606 pedibus
1556 551 1684 593 Lond.

406 621 664 672 exprimatur
699 618 745 659 fit
781 635 830 663 r:
853 622 930 682 ἓξ.
996 622 1036 664 Si
1076 623 1117 664 hi
1153 624 1280 679 pulsus
1315 624 1390 665 {int
1427 627 1514 667 satis
1563 627 1687 666 fortes

405 692 549 731 sonum
585 692 786 744 referent,
836 696 909 749 qui
941 707 1040 750 ergo
1070 697 1116 738 ab
1149 700 1272 739 vnico
1306 700 1408 740 a'e'ris
1443 699 1561 754 pulsu
1613 711 1685 741 or-

410 764 474 795 tus
505 754 559 796 est
589 758 808 802 censendus,

815 871 1140 931 Coroll.
1235 893 1282 948 ς.

563 979 630 1016 51.
667 968 707 1010 Si
746 972 904 1024 primus
942 973 1068 1026 pulsus
1100 975 1139 1014 in
1177 977 1261 1028 ipso
1293 971 1455 1016 orificio
1490 967 1576 1013 BB
1611 981 1685 1011 ex-

409 1031 592 1083 citetur,
628 1034 853 1088 ibidemque
887 1036 993 1090 quasi
1030 1039 1138 1078 auris
1172 1049 1358 1079 teneatur
1381 1068 1392 1087 ‚
1428 1038 1477 1076 ob
1510 1033 1684 1084 St:0‚

409 1093 444 1135 B
465 1101 600 1136 tzo
635 1107 676 1137 et
709 1098 851 1141 At:
872 1103 910 1141 A
932 1099 990 1150 Β,
1024 1112 1166 1140 omnes
1201 1103 1335 1154 pulsus
1387 1108 1507 1140 erunt
1553 1099 1688 1150 gemi-

412 1159 494 1198 nati
518 1190 529 1210 ,
563 1160 678 1213 seque
713 1163 924 1216 sequentur
943 1166 1192 1217 temporibus
1216 1181 1238 1207 2
1254 1155 1592 1232 ABV's‘g-azffl
1614 1164 1687 1203 sec·

410 1230 603 1282 siquidem
642 1233 727 1273 AB
763 1235 802 1274 in
843 1236 1003 1288 pedibus
1035 1237 1304 1288 exprimatur.
1373 1237 1477 1275 Hinc
1511 1237 1538 1274 st
1593 1236 1684 1273 lon-

409 1295 554 1343 gitudo
594 1297 627 1333 A
650 1294 685 1335 Β
721 1296 766 1336 iit
799 1298 906 1341 Quasi
944 1309 1032 1344 500
1073 1300 1158 1349 ped.
1195 1298 1331 1348 plures
1365 1299 1541 1336 eiusdem
1597 1295 1679 1336 loni

410 1357 670 1407 repetitiones
704 1358 870 1412 singulis
905 1360 1073 1399 minutis
1110 1361 1283 1401 secundis
1317 1362 1352 1399 se
1385 1360 1589 1413 excipient
1639 1369 1681 1400 et

407 1420 688 1465 exaudientur.

826 1530 1263 1592 Scholion.

565 1645 633 1684 52.
671 1637 776 1676 Hiuc
813 1636 1041 1688 intelligere
1081 1636 1172 1676 licet
1207 1632 1416 1688 quomodo
1447 1631 1549 1675 echo
1587 1635 1682 1688 plu-

410 1698 518 1739 rium
556 1702 847 1753 repetitionum
882 1711 1117 1751 generetur,
1151 1711 1247 1739 curn
1284 1698 1400 1738 tubus
1426 1698 1514 1738 satis
1537 1699 1682 1750 longus

413 1763 490 1803 tale
545 1763 875 1816 phaenomenum
935 1764 1124 1806 exhibere
1173 1762 1320 1817 potiit,
1371 1774 1498 1816 neque
1546 1774 1683 1803 tamen

410 1826 497 1866 vlla
534 1829 614 1867 (oni
650 1828 885 1881 repercussio
935 1830 1107 1869 eueniat.
1187 1826 1414 1867 Secundum
1469 1825 1681 1866 calculum

409 1891 572 1943 quidem
610 1891 785 1943 singulae
820 1893 1075 1945 repetitiones
1107 1901 1229 1941 aeque
1262 1889 1449 1929 deberent
1475 1890 1547 1928 effe
1564 1890 1681 1930 fortes

410 1966 558 1993 verum
598 1965 729 1995 tamen
782 1956 898 1996 facilc
949 1954 1196 2004 intelligitur
1250 1954 1384 2007 plures
1433 1953 1505 1992 esse
1554 1953 1681 1992 causas

412 2018 554 2070 quibus
609 2020 810 2067 sequentes
862 2020 1115 2069 repetitiones
1162 2019 1359 2056 continuo
1420 2015 1680 2057 debilitentur

411 2081 603 2132 quoniam
641 2081 933 2120 conditionibus
969 2083 1008 2120 in
1044 2078 1204 2120 calculo
1235 2079 1415 2120 assumtis
1438 2109 1448 2128 ‚
1486 2080 1526 2118 in
1560 2078 1680 2131 praxi

411 2143 652 2198 neutiquam
694 2142 869 2183 satisfieri
906 2144 1041 2198 potest.
1074 2142 1185 2184 Cum
1220 2153 1353 2184 tamen
1386 2142 1571 2197 exempl-„1
1601 2155 1680 2183 non

1580 2206 1681 2247 defi-
