1852 2730
455 170 540 216 ΒΕ
598 169 800 214 CORDE
851 170 1080 215 monis.
1324 191 1414 232 495

285 285 452 329 Arteria
489 285 737 339 pulmonalis
771 285 921 328 sinistra
977 288 1016 327 in
1062 286 1232 329 homine
1285 290 1416 343 priori
1443 292 1627 329 etfinissrae

141 365 164 392 2
205 349 300 405 poll.
343 365 372 400 4
408 351 480 391 lin.
580 351 628 391 ln
682 351 794 391 leone
846 354 892 392 ad
945 351 1047 392 hanc
1103 366 1292 394 normam
1346 356 1417 396 effe
1444 342 1481 375 ‘qd
1510 348 1631 379 ventri-

133 415 291 457 deberet
327 429 358 466 4
387 415 486 469 poll.
527 425 550 464 3
592 406 751 461 iiim„
802 416 875 457 Est
915 431 932 457 1
972 417 1074 471 poll.
1123 433 1190 461 10.
1228 419 1299 461 lin.
1439 394 1631 477 ffftliofissn'

1440 495 1485 527 vti
1512 493 1573 529 fint
1591 494 1631 528 ad

285 545 350 587 Ex
385 542 448 585 his
486 546 610 597 igitur
644 555 750 599 patct
771 579 782 599 ,
835 557 997 588 truncos
1043 548 1288 588 arteriarum
1312 580 1322 599 ,
1378 548 1415 588 in
1440 544 1613 603 humanas.

132 611 435 664 comparatione
469 611 515 650 ad
549 610 773 650 humanam
829 613 1069 653 struc‘turam
1091 645 1101 665 ,
1151 614 1418 666 proportione
1440 598 1593 653 Arte1-1ae3

133 676 462 716 venti-mulorum
497 676 662 715 suorum
702 674 816 714 valde
853 689 1020 729 parum,
1056 679 1116 718 sed
1154 690 1289 717 ramos
1324 677 1415 731 ipsis
1440 655 1628 731 ἕζοεὲἑῗῑῗ

131 741 288 780 truncis
322 750 456 781 tamen
494 740 673 779 minores
708 738 780 778 effe
815 740 995 794 reiptehi
1047 742 1189 781 eodem
1213 773 1223 792 ‚
1274 753 1314 782 et
1364 741 1415 782 fic
1442 750 1594 783 culorum

130 807 323 846 contiuuo
356 805 586 846 decrescere.
656 805 784 844 Aorta
819 806 862 845 in
895 805 1010 845 leone
1050 808 1188 858 primo
1223 806 1416 858 quidem,
1441 807 1475 832 et
1502 800 1588 856 ramt

128 879 170 911 et
208 883 256 910 eo
288 869 409 922 vsque
433 901 445 921 ,
478 870 600 909 donec
641 869 812 909 maiores
845 881 982 910 ramos
1011 869 1153 920 dedit,
1199 870 1239 908 in
1276 872 1413 911 eadem
1437 858 1628 934 Egoffiffc'g]

126 937 208 976 fere
241 935 437 976 continuo
471 935 629 974 ratione
666 944 802 974 manet
839 947 932 987 erga
965 944 1123 975 nort-,im
1175 933 1414 976 humanam.
1435 963 1509 984 rum
1534 952 1567 984 in

128 998 350 1040 Nimirum
388 998 560 1041 dimidio
612 998 692 1038 fere
746 998 818 1038 illa
870 1001 1136 1052 proportione
1188 999 1412 1040 ventriculi
1436 1001 1616 1035 leonemi-

124 1065 183 1104 sui
210 1096 221 1117 ‚
273 1076 396 1117 quam
432 1065 473 1103 in
512 1062 687 1103 homine
724 1064 862 1103 minor
898 1064 964 1105 est.
1049 1064 1163 1103 Tum
1217 1075 1319 1104 vero
1366 1065 1413 1104 ab
1437 1064 1536 1086 nores
1555 1052 1628 1109 sunt

125 1127 204 1169 hoc
243 1130 421 1169 termino
455 1130 538 1168 eius
573 1127 680 1167 ratio
712 1138 806 1179 erga
843 1128 1070 1168 humanam
1107 1136 1265 1167 aortam
1321 1130 1408 1168 eui·
1432 1115 1599 1188 {2¹23ng

123 1194 265 1233 denter
316 1193 535 1243 decrescit,
586 1201 670 1232 tam
705 1192 744 1231 in
783 1193 840 1232 sui
891 1191 1017 1246 ipsius
1066 1191 1410 1244 continuatione,

123 1269 247 1309 quam
283 1257 408 1296 etiam
447 1258 487 1294 in
522 1256 649 1295 ramis
683 1267 702 1294 a
739 1256 774 1294 se
808 1257 936 1297 editis.
971 1256 1116 1311 Quum
1140 1258 1250 1296 enim
1276 1256 1409 1298 hafte-

123 1331 200 1360 nus
235 1329 345 1360 aorta
383 1319 513 1360 leonis
546 1320 596 1358 ad
632 1317 858 1359 humanam
894 1321 1163 1374 proportione
1186 1320 1409 1362 ventriculi

122 1385 179 1425 sui
216 1384 340 1424 fuerit
375 1382 501 1438 paulo
554 1383 684 1423 maior
735 1394 860 1437 quam
922 1396 1053 1435 1:23
1106 1385 1311 1425 nimirum
1365 1386 1408 1426 in

121 1451 261 1500 primo
298 1448 504 1502 principio
538 1458 588 1488 vt
624 1446 738 1500 1:(2
760 1446 877 1501 -iz)
913 1449 957 1489 in
995 1449 1126 1490 media
1162 1449 1268 1490 inter
1290 1449 1408 1502 prin-

122 1512 284 1564 cipium
320 1522 360 1552 et
398 1523 534 1553 ramos
571 1513 746 1552 maiores
781 1524 894 1566 parte
928 1524 973 1555 vt
1001 1518 1192 1565 κιρ-ξ)
1214 1514 1406 1567 proxime

98 1585 217 1614 ,ante
253 1587 385 1615 ramos
423 1577 598 1616 maiores
634 1586 680 1617 vt
723 1576 838 1630 1:(2
861 1576 963 1630 —;)
999 1589 1040 1618 et
1095 1578 1285 1630 proxime
1322 1579 1408 1632 post

123 1650 259 1678 ramos
298 1640 466 1680 maiores
499 1639 628 1678 editos
657 1647 705 1677 vt
749 1644 862 1686 1:(2
884 1661 925 1668 -
954 1645 1039 1690 ἐΰς
1096 1653 1202 1681 nunc
1258 1643 1407 1695 incipit

123 1702 219 1755 plus
254 1714 376 1755 quarn
411 1701 583 1742 dimidio
624 1699 740 1741 aortsi
774 1700 956 1743 humana
992 1704 1130 1743 minor
1162 1705 1248 1746 effe.
1287 1705 1405 1746 Nam

121 1767 187 1806 vbi
221 1766 267 1806 ad
302 1766 538 1806 columnam
575 1766 851 1806 vertebrarum
889 1768 1074 1819 primum
1127 1768 1162 1810 se
1196 1768 1405 1822 applicat,

122 1831 176 1870 est
210 1831 269 1870 vti
298 1845 368 1874 >1:
392 1834 447 1880 εξ.
497 1840 623 1881 prope
674 1829 941 1883 diaphragma
988 1841 1125 1871 autem
1180 1845 1228 1874 vt
1281 1844 1322 1874 1:
1347 1835 1403 1879 εξ.

121 1895 259 1947 Atque
315 1896 421 1936 idem
485 1893 534 1932 de
589 1895 712 1934 ramis
763 1905 898 1935 aortae
966 1896 1173 1947 proximis
1241 1908 1405 1951 quoque

121 1958 232 1999 valet
274 1991 284 2010 ‚
335 1958 405 2011 qui
462 1958 608 1998 itidem
659 1959 832 2000 dimidio
883 1958 1162 2000 humanorum
1222 1961 1404 2002 minores

118 2024 219 2063 sunt.
289 2020 401 2063 Nam
453 2020 647 2063 subclauia
693 2025 832 2065 dextra
882 2025 927 2063 ad
980 2026 1148 2064 eandem
1208 2028 1402 2067 arteriam

99 2085 300 2125 -hominis
334 2088 386 2127 est
416 2096 460 2126 vt
503 2101 547 2127 1:
572 2090 646 2137 233
679 2087 872 2129 subclauia
910 2087 1058 2129 sinistra
1093 2097 1138 2129 vt
1179 2101 1222 2129 1:
1246 2094 1320 2141 233
1361 2100 1403 2132 et

119 2150 322 2192 carotides
373 2151 468 2194 adeo
500 2154 579 2192 fere
621 2154 712 2195 sunt
745 2163 793 2195 vt
851 2162 957 2203 1³3.
1043 2154 1209 2196 Arteria
1262 2165 1401 2195 autem

1228 2217 1400 2275 pulmo-
