1852 2730
463 162 708 211 Anius
761 163 853 208 IN
906 162 1155 211 TVssrs.
1358 189 1450 226 443

171 288 280 330 beret
330 281 429 328 huic
477 283 699 340 hypothefi
751 284 982 326 aduersatur
1018 311 1031 334 ,
1099 282 1315 339 eademque
1385 299 1453 329 re-

171 351 388 407 pugnantia
419 349 765 405 deprehenditur,
801 348 829 390 s1
866 346 1167 400 longitudinem
1201 350 1287 390 tubi
1309 359 1455 403 quater

172 416 240 457 vel
274 414 396 458 sexies
429 413 497 455 vel
530 415 655 457 octies
688 414 755 455 vel
788 413 1010 455 secundum
1063 415 1254 468 quemuis
1306 424 1453 457 nume-

173 492 267 521 rum
305 489 472 534 parem,
506 477 788 532 multiplicare
823 476 1057 528 vellemus,
1108 478 1163 518 ita
1213 487 1260 520 vt
1312 478 1452 523 huius·

174 545 284 585 modi
318 543 434 583 tubus
468 541 585 581 nullo
620 543 743 583 modo
777 543 823 582 ad
858 543 1002 582 sonum
1024 573 1035 592 ‚
1068 543 1138 595 qui
1166 542 1212 583 ad
1246 543 1453 599 principa-

177 608 257 649 lem
310 614 437 646 teneat
485 606 685 645 rationem
739 616 786 644 vt
827 610 1131 656 2:1‚4:1‚6:
1163 617 1176 644 1
1217 610 1278 648 {eu
1316 611 1393 651 εἰς
1426 623 1446 652 1

170 671 371 712 edendum
422 667 469 708 fit
517 677 646 721 aptus,
744 667 979 708 Secundum
1034 682 1224 711 numeros
1275 673 1452 728 impares

167 745 303 774 autem
337 730 431 772 haec
465 731 653 773 reductio
703 731 868 783 egregie
919 731 1122 773 succedit:
1174 737 1453 791 concipiamus

166 799 275 838 enirn
315 795 456 837 tubum
493 796 622 849 triplo
655 796 887 848 longiorem
941 795 978 834 A
1000 793 1056 836 Β]
1087 797 1128 836 in
1165 801 1205 839 A
1259 812 1450 854 apertum

168 861 213 901 in
249 861 284 902 B
317 872 417 901 vero
449 858 630 901 clausum
653 890 665 912 ‚
701 861 741 901 in
777 872 856 910 quo
889 858 970 898 aeri
1006 860 1211 902 eiusmodi
1264 863 1311 904 s1t
1360 867 1452 918 agi-

168 925 273 966 tatio
304 923 495 976 induc’ta,
527 936 574 966 vt
606 925 705 966 scala
741 923 987 966 denfitatum
1024 923 1073 964 fit
1108 924 1154 965 A
1176 925 1297 968 DAl
1315 927 1380 968 D‘
1409 938 1452 970 et

165 989 264 1030 scala
296 989 550 1030 celeritatnm
586 989 621 1029 E
641 988 749 1031 BEl
770 988 856 1040 13²,
912 1000 1086 1042 quarum
1119 990 1252 1034 forma
1307 993 1448 1034 condi-

167 1054 338 1095 tionibus
372 1053 626 1108 praescriptis
658 1055 800 1106 vtique
841 1054 1064 1104 conuenit3
1116 1062 1157 1093 et
1208 1066 1302 1096 cum
1345 1068 1448 1099 con-

167 1118 342 1159 tinuatio
375 1119 585 1158 ambarum
618 1117 811 1158 scalarum
845 1117 883 1158 se
916 1129 1075 1171 quoque
1110 1117 1253 1160 habeat
1287 1129 1335 1160 vt
1353 1130 1449 1162 ante

166 1181 437 1224 oscillationes
470 1183 592 1221 etiam
631 1182 792 1222 eaedem
827 1181 918 1222 inde
962 1182 1207 1234 nascentur,
1257 1195 1308 1224 ex
1366 1197 1449 1238 quo

163 1246 412 1297 intelligitur
447 1246 489 1285 in
526 1245 766 1286 huiusmodi
803 1245 899 1287 tubo
945 1246 1126 1299 primam
1180 1248 1450 1298 agitationem

165 1311 222 1351 ita
256 1320 532 1361 comparatam
575 1310 649 1350 effe
700 1308 840 1363 posse,
891 1317 938 1349 vt
989 1318 1125 1349 motus
1175 1310 1448 1353 oscillatorius

167 1374 258 1415 inde
292 1374 454 1426 genitus
484 1376 642 1426 prorsus
676 1373 890 1414 conueniat
924 1382 1023 1413 cum
1060 1373 1158 1413 tubo
1193 1373 1321 1428 triplo
1352 1377 1444 1418 bre-

166 1438 274 1477 viori
298 1467 309 1486 ‚
342 1438 447 1490 quod
482 1438 604 1479 etiarn
639 1439 687 1479 de
721 1435 942 1490 quintuplo
963 1468 975 1488 ,
1023 1436 1213 1491 septuplo
1244 1447 1320 1480 etc.
1353 1441 1445 1480 bre-

168 1499 269 1537 vior
276 1499 346 1537 bus
378 1500 496 1542 valet.
527 1501 643 1547 Cum
675 1501 802 1552 igitur
838 1501 923 1541 tubi
960 1502 997 1542 A
1020 1500 1055 1542 B
1090 1503 1131 1542 in
1165 1501 1292 1543 altera
1329 1513 1443 1556 parte

166 1561 286 1603 clausi
320 1565 431 1602 sonus
464 1562 698 1617 principilis
731 1563 779 1604 sit
813 1556 980 1624 :77³
1014 1564 1121 1605 idem
1167 1567 1288 1607 tubus
1336 1579 1442 1620 quo-

166 1644 243 1686 que
280 1633 346 1672 sub
375 1633 497 1672 certis
529 1632 841 1673 circumstantiis
873 1637 988 1677 edere
1023 1634 1176 1691 poterit
1209 1635 1285 1679 hos
1324 1637 1441 1679 sonos

193 1689 237 1715 τί(
289 1711 296 1718 .
353 1688 399 1714 «k
454 1709 461 1716 .
514 1688 559 1715 rk

166 1704 704 1758 2A8>2.xB⁷I‘L-.’Betc’

558 1832 897 1892 Scholion
982 1852 1036 1898 2.

315 1947 386 1986 70.
423 1935 531 1979 Cum
562 1949 612 1978 ex
646 1937 900 1991 praecedente
936 1937 1211 1992 problematae
1247 1947 1439 1981 naturam

164 2000 354 2042 tibiarum
393 2003 557 2055 superne
607 2013 840 2056 apertarum
898 2010 980 2042 tam
1030 2002 1202 2043 dilucide
1254 2003 1438 2056 explica-

164 2067 356 2115 verimus,
393 2066 528 2107 multo
565 2066 700 2106 minus
733 2065 799 2107 hic
831 2067 1011 2107 dubitare
1038 2065 1147 2119 licet,
1181 2066 1281 2120 quin
1303 2077 1440 2108 motus

155 2130 427 2173 oscillatorius
459 2129 527 2172 hic
561 2129 750 2173 definitus
778 2131 977 2173 rationem
1010 2132 1211 2172 contineat
1239 2130 1435 2172 tibiarum

1263 2194 1434 2250 superne
