1852 2730
249 1260 345 1298 Tab.
359 1263 427 1297 XX.

275 1314 352 1356 Fig.
379 1325 415 1358 4.

453 207 487 250 6
492 207 556 256 84
693 201 778 248 DE
813 194 1095 242 LATITVD.
1128 192 1389 240 VENERIS

455 317 664 373 eclipticae
698 316 738 356 in
772 313 826 355 M
858 323 1106 362 occurrens,
1140 311 1299 354 'duetus
1332 318 1469 353 autem
1521 312 1734 356 conciola-⁶

457 391 524 424 tut·
558 382 733 423 circulus
767 377 971 418 verticalis
1005 375 1044 418 Z
1065 375 1118 426 23
1153 385 1262 428 patet
1295 377 1337 417 in
1375 374 1584 427 triangulo
1601 376 1726 424 1122

453 446 540 487 data
575 445 650 485 esse
685 444 774 482 bina
810 443 935 483 latera
972 442 1013 482 11
1039 438 1076 482 Z
1109 450 1149 480 et
1171 437 1222 481 ,Ζ
1241 439 1293 492 ῼ,
1328 450 1418 479 tum
1453 451 1550 481 vero
1599 452 1741 482 etiam·

451 508 646 559 angulum
684 508 742 555 Π,
776 508 845 559 qui
883 506 1034 548 scilicet
1068 516 1120 546 ex
1153 503 1256 544 datis
1286 503 1602 554 longitudinibus
1637 505 1726 547 No·

448 572 644 624 nagesimi
684 581 725 610 et
775 570 951 611 Veneris
1004 569 1116 611 facile
1173 569 1419 618 inuenitur,
1472 568 1534 610 his
1583 580 1724 610 autern

453 636 569 686 datis,
601 638 682 676 iani
718 633 825 674 latus
860 635 1056 686 trianguli
1092 633 1257 673 tertium
1295 631 1375 680 Πῼ
1410 632 1548 684 quaeri
1587 634 1726 687 potest,

453 700 574 741 cuius
607 697 965 750 complementum
1001 700 1047 739 ad
1082 700 1158 748 90⁰
1192 698 1244 737 est
1277 694 1303 742 ῼ
1329 697 1372 737 Μ
1408 695 1586 749 aequalis
1631 697 1731 738 lati-

454 764 589 804 tudini
629 764 796 804 Veneris
848 764 934 816 ipio
982 772 1168 814 tempore
1215 762 1512 803 obseruationis.
1611 761 1726 801 Idem

452 838 553 869 vero
606 838 647 868 et
703 826 784 868 hoc
832 832 958 883 modo
1011 825 1165 866 facilius
1219 824 1353 878 perfici
1392 824 1497 878 posse
1532 825 1727 866 videtur:

452 904 530 945 pro
566 900 752 945 tempore
785 904 873 944 quo
909 893 1046 931 Venus
1086 902 1154 943 per
1189 888 1307 930 filum
1345 888 1728 931 horizontaletran-

452 955 518 996 siit
549 965 814 1007 computetur
853 956 1028 997 altitudo
1062 966 1158 996 vera
1199 955 1324 994 centri
1368 954 1503 1002 Solis,
1556 964 1600 993 vt
1652 953 1728 992 ha-

450 1018 592 1061 beatur
627 1020 850 1060 differentia
887 1020 1155 1061 altitudinum
1193 1030 1319 1069 vera,
1366 1019 1505 1059 deinde
1557 1018 1728 1057 inuesti-

453 1092 573 1134 getur
625 1083 829 1135 angulus,
881 1096 1005 1138 quem
1058 1083 1245 1135 ecliptica
1281 1092 1376 1122 tunc
1412 1083 1606 1136 temporis
1638 1081 1734 1122 fiicit

451 1159 546 1189 cum
583 1144 690 1188 linea
727 1144 977 1190 horizontali
1020 1160 1093 1202 per
1127 1156 1316 1187 centrum
1350 1145 1457 1188 Solis
1472 1147 1611 1195 dueta,
1634 1155 1733 1186 tunc

454 1212 565 1252 enim
612 1223 662 1252 ex
697 1211 800 1252 datis
829 1212 1064 1254 differentiis
1097 1211 1365 1251 altitudinum
1401 1220 1441 1249 et
1491 1209 1732 1260 Longitudi·

457 1286 556 1320 num
590 1288 666 1328 pro
698 1276 846 1315 centris
874 1276 979 1317 Solis
1012 1286 1052 1315 et
1092 1274 1256 1314 Veneris
1276 1302 1289 1322 ,
1338 1272 1441 1324 ipsae
1479 1285 1639 1325 quoque
1669 1273 1732 1313 la·

457 1338 652 1378 titudines
685 1339 851 1378 Veneris
883 1338 1142 1378 determinari
1181 1336 1350 1389 poss‘unt.
1417 1335 1458 1374 Si
1495 1336 1604 1373 enim
1642 1336 1731 1374 sue·

456 1401 512 1440 rit
545 1400 643 1442 ΘΗ
675 1400 778 1439 linea
813 1399 1081 1440 horizontalis
1115 1409 1185 1450 per
1217 1407 1404 1438 centrum
1438 1396 1544 1436 Solis
1578 1399 1690 1438 ducta
1715 1427 1729 1448 ,

453 1466 496 1507 O
520 1462 554 1503 L
585 1462 768 1513 ecliptica
799 1473 839 1502 et
873 1460 900 1508 ῼ
939 1463 1048 1503 locus
1082 1462 1280 1509 Veneris,
1311 1472 1362 1502 ex
1397 1472 1478 1510 quo
1511 1461 1734 1499 demittan-

455 1535 526 1565 tur
561 1524 603 1564 in
642 1525 747 1568 ΘΗ
779 1535 821 1565 et
852 1525 948 1568 01,
999 1524 1342 1578 perpendiculares
1391 1521 1419 1564 Ω
1443 1523 1488 1563 Μ
1541 1533 1581 1562 et
1638 1522 1665 1572 ῼ
1689 1522 1733 1565 N

456 1598 632 1642 quarum
664 1586 760 1628 haec
800 1589 992 1642 producta
1031 1588 1058 1627 fi
1093 1599 1197 1639 opus
1238 1587 1286 1627 sit
1321 1597 1501 1627 occurrat
1538 1584 1734 1628 horizon·

456 1652 529 1693 tali
567 1653 612 1692 in
650 1652 804 1706 puncto
850 1654 903 1701 P,
954 1652 1032 1692 erit
1087 1650 1113 1699 ῼ
1137 1651 1163 1690 Ρ
1182 1662 1232 1689 z
1258 1651 1284 1700 ῼ
1307 1651 1365 1693 Μ.
1388 1654 1464 1690 coi.
1489 1650 1521 1691 L
1542 1653 1582 1693 Θ
1604 1653 1636 1691 Η
1686 1660 1733 1692 et

459 1715 505 1757 N
530 1715 560 1755 P
580 1731 627 1760 3
648 1719 688 1759 Ε)
706 1716 749 1757 N
773 1717 901 1769 Tang.
921 1716 954 1757 L
976 1720 1016 1760 O
1039 1716 1090 1763 H,
1126 1715 1293 1767 ideoque
1322 1714 1480 1754 dabitur
1501 1713 1528 1761 ῼ
1546 1714 1580 1755 Ν
1597 1713 1731 1762 ΣῼΡ

460 1802 502 1811 -
529 1779 568 1821 N
590 1780 629 1822 P.
714 1781 826 1821 Hanc
867 1792 1006 1821 autem
1044 1779 1282 1834 procedendi
1316 1780 1423 1818 viam
1460 1780 1576 1819 alteri
1618 1791 1734 1832 prae·-

460 1845 662 1885 serendatn
694 1846 769 1885 effe
804 1845 1099 1887 iudicauimus,
1131 1843 1222 1894 qui-1
1259 1844 1298 1882 in
1330 1841 1404 1880 hoc
1439 1853 1527 1881 con
1536 1853 1636 1896 puto
1673 1844 1732 1883 in·

460 1911 664 1949 certitudo
693 1920 793 1962 quae
826 1910 930 1951 circa
969 1907 1253 1949 Eleuationem
1290 1904 1379 1945 Poli
1413 1906 1534 1946 adeffe
1568 1907 1734 1960 poterit,

463 1975 678 2024 negotium
715 1975 887 2014 minime
921 1974 1081 2014 turbare
1116 1970 1235 2012 valet.

615 2048 684 2075 12.
722 2037 779 2075 Vt
809 2048 946 2077 autern
983 2049 1067 2077 rem
1102 2035 1142 2074 in
1177 2034 1462 2086 compendium
1485 2034 1754 2086 redigamus‚›

464 2099 638 2153 sequenti
673 2099 827 2139 Tabula
860 2099 1132 2142 conclusiones
1163 2109 1182 2137 a
1217 2099 1327 2138 nobis
1368 2099 1565 2138 inuentus·
1596 2110 1733 2151 expo-

465 2176 560 2206 nere
592 2163 765 2216 licebit,
810 2165 860 2204 de
891 2175 967 2219 qua
1002 2166 1251 2206 monendum
1284 2163 1337 2205 est
1358 2193 1369 2215 ‚
1411 2165 1517 2218 quod
1550 2163 1569 2204 l
1601 2173 1640 2201 et
1674 2161 1732 2207 ΙΙ.

1612 2225 1728 2267 colu-
