1852 2730
473 193 720 239 AERIS
776 194 865 238 IN
916 192 1165 254 TVssIS.
1374 211 1463 250 393

187 322 378 368 apertura
412 312 572 366 superat
608 321 847 366 aperturam
883 310 968 353 oris
999 309 1226 357 clamantis.
1273 308 1317 355 Si
1353 312 1467 354 enim

186 389 346 419 remota
383 378 476 419 tuba
511 389 594 418 vox
629 377 671 417 in
707 376 883 417 liberum
920 388 1050 418 aerem
1071 377 1273 428 ederetur,
1306 389 1347 417 ca
1369 387 1471 429 qua·-

185 443 403 495 quaucrsus
434 442 570 482 diffusa
602 442 642 480 in
678 441 858 483 distantia
894 438 986 482 BA
1023 440 1292 483 vehementer
1342 440 1468 482 dimi-

183 516 408 556 nueretur3
447 517 553 545 nnnc
593 515 732 547 autem
768 506 869 545 dum
905 507 946 546 in
983 505 1073 545 tuba
1109 507 1322 547 cohibetur
1344 536 1356 556 ,
1399 515 1466 546 to·

185 583 358 624 tumque
390 571 567 622 spatium
606 571 678 610 Aa
713 569 851 610 multo
886 571 1038 611 maiore
1074 571 1280 611 celeritate
1309 569 1469 623 implet,

184 648 308 689 quam
344 633 458 674 fieret
493 633 521 673 si
561 634 681 674 tubus
713 634 884 685 abesset,
929 637 1087 675 mirum
1124 649 1203 676 non
1255 636 1307 676 est
1359 636 1470 688 quod

184 711 271 739 eins
306 698 469 738 effectus
503 706 585 737 tam
625 696 673 736 fit
707 698 832 740 fortis.
899 696 964 737 De
999 709 1135 739 cetero
1166 699 1280 739 facile
1317 698 1472 739 intelli-

183 764 297 814 gitur
329 760 504 811 figuram
544 761 670 814 ipsam
725 761 811 800 tubi
867 760 973 801 haud
1028 761 1211 802 multum
1263 764 1308 803 ad
1360 761 1469 804 hunc

182 826 374 866 effectum
409 826 623 878 conferre,
675 826 775 867 dum
830 824 878 866 ab
926 825 1069 867 vfitata
1111 838 1190 870 non
1243 827 1467 867 admodum

184 890 410 933 abhorreat.

546 1001 972 1063 Scholion
1062 1023 1093 1062 2

345 1122 447 1161 119.
485 1107 589 1149 Hinc
625 1111 751 1149 etiaim
788 1109 892 1149 ratio
925 1109 1091 1162 petenda
1134 1108 1297 1149 videtur
1324 1117 1472 1149 eorum

186 1172 377 1212 sonorum
399 1204 410 1222 ,
451 1184 552 1224 quos
587 1174 730 1226 tubae,
781 1174 948 1214 buccina
981 1184 1129 1214 cornua
1153 1204 1164 1224 ,
1195 1171 1350 1225 aliaque
1401 1172 1470 1210 in-

186 1237 406 1276 strument-‚1
442 1235 588 1276 similia
621 1242 768 1288 edunt,
805 1250 901 1289 quae
936 1239 975 1277 in
1011 1237 1087 1278 hoc
1123 1250 1143 1278 a
1182 1236 1287 1276 tibiis
1319 1237 1467 1276 discre-

186 1310 278 1352 pant
303 1331 313 1347 ,
346 1302 451 1352 quod
489 1301 532 1339 in
569 1299 631 1338 his
665 1304 723 1340 vti
764 1302 971 1351 vidimus,
1023 1310 1133 1341 totus
1183 1311 1248 1340 aer
1283 1300 1323 1338 in
1373 1298 1472 1340 tubo

185 1374 399 1404 contentus
438 1376 508 1416 per
546 1365 640 1404 noui
675 1366 775 1404 acris
810 1362 1062 1405 inflationem
1100 1363 1222 1404 fimul
1243 1363 1473 1404 concitatur

184 1427 362 1480 hincque
408 1439 570 1468 motum
607 1429 898 1470 oscinatorium
933 1429 1219 1481 consequitur,
1249 1439 1334 1482 quo
1352 1429 1470 1468 sonus

191 1494 439 1540 producitur.
509 1494 555 1531 ln
604 1492 688 1532 illis
738 1505 838 1533 vtro
890 1493 1164 1534 instrumentis
1216 1495 1298 1533 iam
1351 1496 1470 1533 [onus

190 1554 351 1605 quidam
394 1567 461 1606 per
495 1555 703 1595 orificium
744 1557 944 1607 inflatur,
994 1557 1060 1597 vel
1097 1569 1146 1597 ex
1187 1569 1257 1598 ore
1293 1556 1471 1597 inflantis

189 1615 256 1656 vel
294 1619 393 1656 dnm
432 1620 470 1657 in
507 1630 555 1657 co
582 1623 758 1659 termino
780 1620 967 1660 elasirum
988 1622 1210 1674 quodpiam
1231 1620 1277 1660 ad
1300 1630 1468 1660 motum

189 1681 455 1720 vibratoriuni
492 1685 705 1723 excitatur.
767 1682 953 1733 Vtroque
985 1694 1120 1723 autem
1159 1685 1282 1724 modo
1316 1683 1355 1722 in
1391 1681 1467 1723 illo

189 1746 368 1785 termino
404 1754 562 1783 tantum
601 1745 802 1785 eiusmodi
843 1747 978 1798 pulsus
1010 1748 1211 1786 excitatur
1246 1746 1381 1799 quales
1401 1745 1470 1788 hic

189 1810 324 1849 snmus
357 1808 663 1861 contemplati,
718 1810 788 1863 qui
842 1811 1026 1862 deinceps
1084 1822 1154 1864 per
1207 1819 1338 1851 totam
1382 1809 1471 1850 tubi

189 1873 493 1925 longitudinem
547 1883 855 1925 propagantur,
909 1884 949 1914 et
991 1875 1092 1913 dum
1125 1886 1146 1914 a
1181 1875 1386 1915 diffusione
1419 1874 1470 1916 ad

190 1937 312 1978 latera
348 1947 606 1987 coercentur,
640 1951 692 1977 eo
728 1937 929 1977 maiorem
966 1937 1057 1977 vim
1095 1938 1344 1990 acquirunt,
1396 1938 1474 1980 fic-

191 2014 269 2054 que
305 2003 477 2052 grauitas
510 2001 593 2042 soni
625 2001 724 2044 editi
761 2000 1014 2056 potissimum
1052 2014 1072 2042 a
1101 2001 1277 2055 pulsibus
1297 2003 1472 2044 succeffi-

193 2079 245 2106 ve
280 2068 319 2105 in
355 2064 518 2108 orificio
555 2066 758 2117 produffis
792 2068 998 2120 pendent,
1052 2078 1176 2120 quam
1229 2069 1280 2109 ob
1314 2070 1472 2108 causam

193 2132 317 2171 etiam
354 2130 435 2171 soni
470 2129 618 2170 horum
657 2131 1026 2171 instrumentorum
1061 2142 1083 2170 a
1125 2131 1230 2172 sonis
1282 2133 1475 2174 tibiarum

191 2195 372 2235 maxime
407 2195 604 2235 differunt.
672 2193 850 2236 Interim
886 2204 1021 2238 tamen
1057 2194 1183 2236 etiam
1218 2198 1262 2238 in
1298 2197 1379 2237 istis
1411 2197 1478 2235 in-

258 2258 513 2305 Tom.XVI.
524 2259 636 2303 Nou.
647 2257 812 2304 Comm.
990 2259 1035 2302 D
1051 2259 1077 2300 d
1094 2260 1119 2300 d
1367 2260 1475 2301 stru·

1096 1057 1111 1074 Ο
