1852 2730
428 193 484 231 ⁵0
847 183 962 234 ²023
997 178 1011 237 <
1046 198 1072 225 0
1108 179 1120 236 >

633 287 1488 365 ASTRONOMICA.

1034 459 1082 531 Ῑ.

419 571 840 654 Experimenta
881 574 1030 632 circa
1077 572 1531 656 Longitudinem
1562 576 1701 637 Pen-

451 657 571 716 duli
615 656 879 738 simplicis
925 660 1148 719 minuta
1191 659 1431 720 fecunda
1476 662 1657 724 Kolae

579 752 641 798 et
689 742 1175 831 Archangelopoli
1224 745 1537 805 oscillantis.

419 885 682 950 Aufilore
725 885 1019 970 Stephano
1053 887 1372 949 Rumovski
1396 906 1525 970 pag.
1554 889 1700 965 567.

420 1039 570 1174 Ab
601 1096 652 1124 eo
684 1093 900 1136 tempore,
935 1097 1017 1137 quo
1049 1083 1240 1125 Richerus
1261 1082 1539 1135 Horologium
1561 1083 1703 1125 Astro-

581 1149 791 1188 nomicum
840 1147 1076 1200 Cayennam
1129 1148 1367 1187 translatum
1411 1147 1576 1199 singulis
1608 1149 1704 1190 die-

418 1210 490 1251 bus
523 1212 678 1252 duobus
713 1212 884 1252 minutis
919 1211 1067 1266 primis
1103 1212 1308 1252 retardaffe
1330 1241 1342 1260 ‚
1389 1224 1431 1252 ac
1468 1212 1703 1262 longitudi-

419 1285 518 1316 nem
557 1275 721 1327 penduli
763 1279 803 1326 εξ
840 1275 912 1316 lin.
967 1277 1228 1316 minuendam
1282 1274 1393 1315 fuiss‘e
1444 1275 1700 1325 Obseruauit,

420 1347 470 1379 vt
507 1336 613 1380 illud
650 1349 765 1379 motu
800 1340 872 1380 suo
908 1338 1062 1392 singula
1098 1340 1255 1379 minuta
1298 1338 1463 1379 secunda
1503 1347 1703 1392 temporis

422 1414 547 1456 aeque
582 1415 624 1444 ac
662 1402 819 1445 Parisiis
857 1404 1048 1445 indicaret
1069 1434 1080 1453 ,
1114 1403 1351 1444 Astronomi
1385 1402 1543 1442 nnllam
1580 1416 1700 1456 prae·

422 1468 663 1508 termittunt
713 1467 961 1510 occasionem
1016 1467 1242 1521 inquirendi
1295 1466 1336 1506 in
1397 1465 1700 1518 longitudinem

424 1530 589 1585 penduli
623 1531 818 1587 simplicis
841 1560 852 1582 ‚
883 1543 928 1573 vt
960 1534 1105 1573 certius
1139 1533 1323 1580 constet,
1354 1541 1554 1584 quantum
1591 1530 1702 1583 figu-

422 1607 467 1636 ra
501 1594 660 1636 telluris
692 1609 712 1636 a
744 1595 1009 1651 sphaeroidica
1044 1597 1208 1637 aberret.
1299 1594 1396 1636 Non
1431 1596 1591 1635 inanem
1627 1595 1702 1636 ita·

423 1669 502 1711 que
518 1671 686 1714 operam
717 1659 925 1703 collocasse
953 1662 1165 1704 censendus
1188 1661 1243 1702 est
1278 1658 1341 1701 Cl.
1379 1659 1536 1700 Auctor
1555 1685 1568 1707 ‚
1599 1659 1701 1700 dum

425 1719 557 1763 Kolae
592 1725 659 1765 sub
694 1726 906 1766 latitudine
939 1722 1031 1768 68⁰.
1056 1721 1142 1776 522¹
1185 1723 1484 1777 longitudinem
1540 1721 1701 1776 penduli

425 1785 627 1841 simplicis
662 1801 733 1843 per
765 1791 1049 1841 experimenta
1082 1787 1255 1830 definire
1290 1786 1583 1827 allaboraucrit.

578 1897 748 1953 Duplex
783 1899 850 1941 hic
880 1901 1064 1942 occurrit
1096 1898 1382 1940 determinatio
1418 1897 1584 1950 penduli
1607 1898 1702 1939 fim-

427 1961 545 2017 plicis
580 1964 734 2004 minuta
770 1964 931 2005 secunda
968 1964 1092 2007 Kolae
1124 1962 1368 2004 oscillantis:
1400 1962 1518 2002 altera
1552 1964 1598 2003 ab
1629 1974 1698 2003 ex-

428 2029 666 2080 perimentis
714 2027 958 2070 authomato
1007 2027 1186 2082 pendulo
1238 2025 1463 2066 inuariabili
1507 2025 1699 2068 instrusto

426 2089 621 2132 institutis
660 2091 781 2145 petita
803 2123 815 2144 ,
848 2091 971 2132 altera
1005 2093 1051 2133 ab
1083 2090 1373 2144 experimentis
1410 2090 1584 2141 pendulo
1604 2090 1702 2130 sim-

430 2155 531 2213 plici
565 2156 745 2213 peraCtiS.
830 2157 899 2199 Ex
932 2155 996 2199 his
1028 2155 1244 2210 longitudo
1277 2152 1446 2212 penduli
1501 2154 1699 2211 ssmplicis

1654 2233 1697 2262 m
