1852 2730
550 185 669 238 ”²5³3ss
700 178 770 240 (0
802 185 818 234 )
850 183 967 235 ἓῖεὲψ
1035 218 1038 220 v
1294 190 1378 235 561

183 264 1284 363 ssoELREvTERIA

445 399 1049 455 PANICVLATA

268 522 488 594 NOVYM
542 522 877 567 PLANTARV
885 523 933 566 Μ
988 521 1200 570 GENVS.

605 679 898 723 Auctore

426 793 476 838 Ε.
541 790 1065 837 LAXMANN.

102 935 333 1054 Etiamsi
388 951 470 994 iam
525 964 596 1007 per
630 948 868 992 vicennium
905 956 946 988 et
980 946 1089 1002 quod
1120 945 1307 990 excurrit
1342 946 1385 992 i·

235 1014 511 1069 liybcrnacnlis
546 1015 655 1056 horti
690 1013 914 1056 academici
967 1013 1064 1055 haec
1098 1013 1216 1070 vigeg
1266 1014 1390 1054 arbu-

99 1084 199 1120 icini
223 1111 234 1130 ‚
292 1091 473 1122 attamen
509 1082 555 1121 ad
589 1080 779 1121 amussim
819 1077 934 1119 illam
971 1077 1244 1119 determinare
1279 1076 1390 1120 huc-

101 1156 228 1199 vsque
266 1147 423 1186 nem'ni
464 1146 587 1186 licuit
619 1143 808 1185 deficiens
847 1142 1062 1195 quotannis
1116 1142 1393 1184 fmfflficatio.

100 1205 220 1251 Prior
273 1222 362 1262 pars
413 1211 601 1263 proxime
654 1207 942 1263 praeterlapsae
999 1206 1189 1256 aestatis,
1240 1208 1396 1249 menses

100 1274 192 1314 dico
224 1273 393 1312 Maium
433 1274 680 1324 luiiiumque
702 1302 714 1322 ‚
765 1273 834 1324 qui
869 1271 968 1311 adeo
1003 1271 1085 1311 sudi
1122 1281 1236 1312 erant
1269 1274 1391 1312 adeo-

100 1348 177 1389 que
230 1336 353 1377 florae
403 1336 617 1385 finiebant,
667 1347 714 1377 vt
775 1333 951 1374 Arachis
986 1333 1199 1386 hypogaea
1235 1335 1390 1388 aliique

101 1396 243 1441 zonae
299 1402 474 1442 torridae
528 1401 685 1453 proprii
741 1399 879 1453 stirpes
933 1398 973 1439 in
1025 1399 1206 1439 fenestris
1263 1399 1390 1441 muiei

104 1466 185 1504 mei
221 1476 299 1504 non
336 1475 498 1506 tantum
537 1465 641 1506 lacte
676 1465 890 1506 floruerint
922 1463 984 1505 seii
1019 1473 1061 1506 et
1095 1463 1248 1505 fruetus
1295 1476 1392 1505 ma-

104 1529 333 1567 turauerint
357 1558 370 1579 ,
408 1528 507 1570 lianc
543 1542 706 1584 titioque
738 1527 989 1570 arbusculam
1014 1560 1026 1580 ‚
1078 1530 1195 1569 cuius
1228 1528 1387 1569 lectum

104 1590 336 1643 genialem,
386 1606 456 1646 per
506 1595 643 1647 plures
695 1604 822 1632 annos
862 1593 1002 1632 frustra
1035 1602 1229 1645 exoptare
1264 1592 1387 1632 nossri

106 1656 279 1696 botanici
302 1683 312 1703 ‚
348 1656 388 1696 in
416 1670 503 1698 area
542 1657 686 1704 horti,
721 1655 885 1697 floribus
916 1665 1118 1696 ornarunt
1198 1655 1390 1708 Contigit

106 1722 242 1772 itaque
281 1719 382 1760 mihi
406 1751 416 1770 ‚
452 1732 520 1760 nec
555 1719 634 1761 fine
666 1719 934 1761 delectatione
967 1731 1164 1772 perquam
1198 1721 1352 1761 eximia
1373 1751 1386 1772 ‚

106 1783 400 1827 rarissimarum
453 1784 602 1825 harum
662 1786 904 1838 nuptiarum
956 1784 1226 1837 spectatorem
1279 1785 1387 1837 esse,

108 1851 175 1906 qui
228 1847 320 1889 visis
372 1848 567 1901 floribus,
619 1849 867 1890 arbusculam
920 1846 1022 1890 hanc
1061 1850 1278 1903 proprium
1313 1861 1388 1904 ge-

107 1928 184 1956 nus
218 1913 523 1955 constituentem
549 1948 561 1966 ,
608 1915 656 1954 ad
691 1915 843 1956 viuum
879 1912 1081 1955 delineare
1121 1916 1294 1967 curaui,
1344 1922 1388 1956 et

107 1991 155 2022 vt
192 1980 328 2030 Viro,
377 1989 417 2020 et
450 1982 498 2020 de
532 1993 576 2022 re
610 1978 791 2021 herbaria
826 1987 868 2019 et
902 1978 951 2019 de
984 1978 1109 2020 horto
1141 1980 1275 2022 nostro
1319 1980 1391 2020 bo-

108 2046 241 2085 tan²co
263 2074 275 2092 ‚
339 2045 494 2097 optime
566 2048 719 2086 merito
777 2042 1057 2086 Celeberrimo
1112 2044 1390 2095 Koelreueem,

106 2107 381 2163 qualecunque
433 2111 577 2161 pignus
630 2108 942 2153 existimationis
992 2118 1143 2161 meae,
1191 2109 1390 2163 regnique

106 2172 345 2227 vegetabilis
389 2172 633 2226 cultorum,
683 2187 778 2231 erga
829 2174 966 2230 ipsum
1000 2174 1173 2229 darem,
1217 2169 1384 2221 KOEL-

170 2239 210 2279 T
211 2236 423 2281 cmxvi.
436 2238 729 2285 Nou.Comm.
877 2238 913 2282 B
931 2238 956 2281 b
973 2237 998 2280 b
1015 2238 1040 2282 b
1263 2247 1366 2292 ssssv
