1852 2730
423 161 516 213 482
748 159 833 204 DE
884 157 1081 204 CORDE
1136 159 1364 205 LEONIS.

419 277 580 332 apicem
620 274 740 331 paulo
777 277 1001 319 acutiorem
1036 285 1364 333 conuergerent,
1415 277 1591 332 adeoque
1645 280 1694 322 fi-

420 352 568 394 guram
603 343 838 393 efficerent,
891 343 1014 395 paulo
1054 342 1182 394 magis
1233 340 1523 394 triangularem
1573 355 1695 397 quam

418 407 584 448 solitum
636 406 700 446 est.
776 404 826 445 In
868 405 1032 460 altero,
1081 407 1151 460 qui
1203 416 1383 448 mortem
1437 405 1581 460 laqueo
1628 407 1697 451 fibi

420 470 646 520 intulerat,
684 482 753 512 cor
786 482 912 524 aeque
940 483 983 512 ac
1029 471 1117 512 vata
1168 470 1289 526 paulo
1340 471 1470 522 magis
1529 471 1697 513 dilatata

419 536 690 587 videbantur,
730 534 829 575 adeo
851 567 862 587 ,
906 545 952 576 vt
987 547 1059 576 cor
1093 535 1167 577 hoc
1204 538 1306 576 inter
1343 536 1500 577 maiora
1554 537 1696 578 referri

420 599 545 651 poffct
567 631 578 651 ,
616 599 766 652 figurae
801 611 1006 641 caeterum
1043 599 1393 655 frequentissimae.
1478 599 1524 641 In
1564 601 1696 655 priori

416 663 546 715 igitur
581 664 755 706 homine
804 662 1021 718 longitudo
1061 666 1224 714 cordis,
1278 663 1402 705 simili
1456 666 1579 706 modo
1630 666 1692 706 vti

414 727 458 769 in
492 727 608 771 leone
639 761 651 781 ‚
686 731 728 771 in
767 729 974 785 superficie
1024 730 1223 783 superiori
1276 730 1407 771 sumta
1435 760 1446 781 ,
1497 730 1543 772 ab
1592 739 1691 772 ortu

411 794 582 834 arteriae
614 802 746 836 aortae
781 805 821 834 et
855 794 1102 848 pulmon-tilis
1137 807 1263 849 vsque
1314 794 1359 836 ad
1412 796 1571 847 apicem
1622 807 1692 836 ae-

413 858 544 911 qualis
582 859 659 899 fuit
697 873 727 909 4
763 859 862 912 poll,
904 870 956 901 10
993 859 1068 900 lin.
1164 858 1502 901 circumferentia
1554 869 1692 900 autem

410 922 454 962 in
487 935 536 963 eo
569 922 672 975 loco,
710 924 774 965 vbi
809 937 881 966 cor
919 925 1148 968 maximam
1181 924 1443 966 latitudinem
1494 934 1535 966 et
1588 936 1692 966 cras-

410 985 543 1026 fitiem
588 987 786 1039 habebat,
839 989 865 1031 i.
896 1001 928 1030 e.
966 989 1007 1028 in
1043 987 1122 1029 hoc
1174 989 1349 1030 subiceto
1398 988 1507 1030 circa
1563 989 1689 1044 ipsam

413 1050 552 1103 basin,
607 1052 779 1105 aequalis
828 1062 914 1094 erat
972 1065 1027 1092 10
1064 1052 1166 1106 poll.
1209 1069 1226 1094 1
1266 1053 1334 1096 lin.
1421 1056 1466 1094 ln
1520 1052 1690 1096 homine

413 1115 627 1168 posteriori
662 1115 878 1168 longitudo
911 1118 1071 1169 cordis,
1112 1116 1234 1158 simili
1272 1118 1396 1159 modo
1431 1120 1560 1159 sumta
1584 1150 1596 1170 ,
1660 1130 1682 1169 5

409 1179 507 1233 poll.
546 1181 871 1223 circumferentia
905 1194 1045 1224 autem
1096 1182 1136 1223 in
1171 1191 1314 1236 parte,
1368 1183 1474 1225 inter
1507 1184 1610 1224 basin
1645 1193 1687 1224 et

408 1245 566 1295 apicem
602 1247 673 1287 fita
696 1276 707 1296 ,
746 1245 821 1288 basi
860 1247 1076 1299 propiori,
1130 1248 1193 1285 vbi
1229 1260 1298 1286 cor
1336 1250 1412 1288 hoc
1453 1248 1681 1286 maximam

406 1304 668 1349 latitudinem
704 1308 873 1357 habuit,
923 1322 950 1356 9
995 1309 1095 1360 poll.
1143 1322 1195 1349 10
1232 1308 1304 1347 lin.
1356 1307 1532 1359 aequalis
1581 1317 1680 1349 erat.

404 1368 474 1410 Ex
509 1370 599 1421 his,
637 1382 678 1412 et
712 1372 793 1423 iis,
844 1382 944 1422 quae
987 1372 1096 1424 prius
1151 1371 1328 1419 monui,
1381 1369 1680 1422 longitudinem

405 1435 535 1475 cordis
580 1434 750 1475 humani
806 1435 985 1475 mediam
1035 1436 1269 1475 sumendam
1320 1434 1394 1473 effe
1443 1435 1600 1484 colligo
1651 1449 1681 1483 4

409 1497 506 1553 poll.
546 1511 601 1541 10
636 1500 704 1539 lin.
743 1500 810 1540 vel
851 1504 906 1546 58
944 1499 1012 1538 lin.
1098 1495 1485 1537 circumferentiam
1538 1505 1680 1535 autem

414 1575 466 1603 10
506 1561 602 1615 poll.
638 1563 707 1604 vel
748 1575 832 1602 120
869 1560 937 1600 lin.
1039 1561 1235 1610 Adeoque
1286 1557 1500 1608 longitudo
1551 1559 1684 1600 cordis

405 1625 577 1667 humaui
611 1627 656 1667 ad
691 1625 991 1679 longitudinem
1029 1625 1161 1664 cordis
1185 1622 1309 1664 leonis
1326 1623 1420 1675 erit,
1454 1633 1500 1663 vt
1522 1626 1680 1672 58:63.

406 1691 736 1733 circumferentia
794 1701 931 1732 autem
990 1698 1037 1730 vt
1096 1691 1319 1737 1202136
1372 1688 1438 1728 vel
1495 1698 1570 1736 15:
1612 1697 1678 1736 17.

406 1756 531 1798 Vnde
569 1769 674 1797 nunc
707 1768 831 1810 porro
879 1753 1102 1806 constabit,
1151 1765 1225 1805 qua
1278 1751 1436 1794 ratione
1486 1752 1592 1794 iuter
1644 1753 1679 1793 se

402 1822 620 1864 ventriculi
653 1821 782 1862 cordis
825 1820 900 1862 effe
949 1818 1169 1865 deberent,
1219 1814 1246 1854 ss
1300 1815 1406 1857 leoni
1459 1816 1679 1858 ventriculi

404 1887 535 1928 cordis
569 1885 692 1928 ess'ent
715 1916 728 1937 ,
765 1885 958 1927 humanis
1009 1881 1302 1937 proportiouati
1326 1911 1337 1930 ‚
1384 1892 1425 1921 et
1475 1893 1674 1935 quantum

404 1952 578 1993 maiores
629 1950 783 1992 leonini
838 1947 1030 1991 huin-anis
1082 1943 1260 1987 censendi
1313 1945 1440 1993 sunt,
1494 1945 1530 1986 id
1581 1946 1672 1996 est,

402 2028 598 2067 quantum
635 2015 898 2069 proportione
929 2012 1065 2054 cordis
1102 2009 1270 2049 maiores
1296 2008 1392 2052 funt.
1429 2010 1475 2050 In
1505 2008 1676 2050 homine

402 2081 530 2131 priori
569 2079 785 2129 longitudo
817 2078 1033 2118 ventriculi
1068 2074 1203 2114 dextri
1239 2086 1258 2113 a
1295 2073 1368 2112 basi
1408 2074 1671 2115 raluularum

397 2143 713 2187 1emilunarium
772 2153 893 2195 uque
946 2142 986 2182 in
1038 2141 1196 2194 apicem
1254 2139 1509 2191 ventriculi,
1573 2150 1671 2192 quae

1524 2212 1671 2259 nempe
