1852 2730
237 176 550 224 CONCLVSA
582 177 667 221 EX
699 174 974 221 TRANSIT.
1007 178 1276 225 VENERIS.
1311 189 1402 235 643

131 295 197 340 Ex
231 295 532 351 comparatione
561 301 703 336 autem
737 292 913 334 vltimae
947 305 1043 334 cum
1080 294 1246 349 reliquis
1282 296 1410 337 dedu-

131 363 244 404 citur
301 373 401 402 ’πῖ-’-
431 370 577 412 10‚51
639 357 706 400 vel
760 372 862 400 πῖ
888 364 1006 412 8,98
1044 361 1110 401 vel
1147 375 1315 412 7t::9,
1335 372 1410 412 97.

132 425 308 478 Insignis
346 424 555 477 diffensus,
606 425 678 478 qui
714 424 820 466 inter
853 424 922 465 has
963 426 1323 468 determinationes
1371 428 1410 468 se

131 495 297 545 prodit,
327 503 390 532 eas
425 491 507 531 iam
544 490 763 531 admodum
799 491 963 543 quinem
1000 492 1135 532 dubi-„is
1168 493 1296 533 reddit
1317 520 1329 541 ,
1361 504 1411 534 nc

126 567 265 596 autem
298 557 420 597 nimis
463 555 774 608 praecipitanter
827 557 1030 597 iudicium
1088 556 1221 597 tulisse
1272 562 1412 598 vldea-

129 633 253 669 mur,
306 619 550 663 considerare
589 630 746 660 tantum
785 619 952 673 placet,
1007 622 1103 675 quid
1139 634 1255 664 error
1288 623 1407 662 vnius

128 686 282 726 minuti
334 685 529 736 secundi,
577 685 626 726 ad
675 684 749 726 has
804 686 1077 728 conclusiones
1129 687 1409 727 immutandas

126 750 269 790 valeat.
381 751 668 803 supponamus
736 749 866 799 igitur
933 763 1010 804 pro
1076 750 1231 792 vitimo
1315 750 1407 793 loco

125 814 347 856 distantiam
388 814 604 854 minimam
641 813 892 854 obseruatam
929 828 1015 855 vno
1050 815 1215 856 minuto
1265 817 1409 855 secun-

125 880 177 918 do
214 878 405 919 imminui
441 880 609 929 uthere,
664 878 922 921 inueniemus
955 890 1090 919 autem
1129 890 1221 920 tum
1261 891 1338 933 pro
1373 891 1406 919 π

124 943 328 995 sequentes
376 943 535 984 valores
589 950 630 989 -ξ-
655 955 725 991 10,
751 956 830 994 17,
864 950 905 990 ÷
929 949 970 993 8,
993 949 1048 992 58
1101 955 1142 985 et
1197 950 1238 990 ÷
1261 960 1303 996 9,
1330 954 1404 994 57.

124 1007 235 1062 Quid
271 1018 409 1048 autem
448 1008 476 1048 fi
512 1007 607 1048 haec
641 1008 822 1048 distantia
856 1009 1007 1049 duobus
1050 1009 1117 1049 vel
1169 1008 1296 1048 tribus
1347 1012 1406 1049 sc·

124 1073 264 1112 tundis
297 1073 556 1113 diminuenda
607 1070 654 1111 sit
704 1072 771 1111 vel
821 1073 956 1125 potius
1005 1074 1112 1125 quod
1160 1072 1405 1126 probabilius

125 1137 289 1177 videtur
320 1148 385 1175 eac
419 1149 495 1189 pro
530 1135 835 1188 HudsonsBay
868 1147 908 1177 et
943 1148 1046 1178 noua
1099 1137 1252 1186 Angli-a
1305 1148 1403 1177 tan-

124 1204 290 1241 tundem
344 1196 585 1251 augendae?
635 1200 879 1241 Huiusmodi
936 1212 1073 1241 autem
1108 1213 1268 1243 errores
1305 1205 1402 1241 tium

121 1265 169 1304 de
204 1265 400 1305 mensuris
437 1264 715 1304 distantiarum
767 1266 946 1317 quaestio
995 1265 1081 1314 est,
1133 1270 1206 1306 vix
1255 1265 1404 1306 euitari

122 1328 226 1383 posse
258 1328 457 1368 contendo
478 1359 489 1377 ,
541 1330 728 1380 quamuis
762 1329 943 1369 lubenter
978 1330 1194 1370 concedam
1251 1333 1404 1372 micro·

125 1392 267 1431 metris
301 1392 539 1440 obieetiuiS,
586 1401 755 1431 omnem
789 1404 889 1445 quae
922 1392 1129 1438 desiderari
1167 1395 1292 1445 potest
1330 1396 1403 1435 tri-

124 1454 320 1494 buendam
355 1455 428 1494 effe
460 1456 792 1507 exactitudinem.
863 1457 950 1497 Hoc
988 1458 1099 1495 enim
1136 1458 1175 1497 in
1212 1462 1403 1511 negotio,

125 1530 254 1570 quum
291 1518 585 1560 difficillimum
620 1533 793 1559 omnxno
827 1519 949 1567 essct,
1007 1520 1278 1562 instrumento
1308 1535 1401 1562 eam

122 1581 336 1622 conciliare
371 1582 612 1635 positionem
636 1612 646 1629 ,
699 1583 738 1620 in
773 1595 844 1635 qua
881 1583 984 1622 recta
1021 1595 1090 1634 per
1125 1596 1263 1632 centra
1319 1586 1401 1626 Ve-

127 1649 230 1686 neris
263 1657 300 1686 et
335 1646 439 1687 Solis
477 1644 664 1684 transiens
698 1654 821 1684 etzam
863 1659 931 1698 per
966 1647 1195 1688 contactum
1254 1649 1401 1701 imagi-

127 1722 227 1749 num
266 1711 473 1759 transiret,
508 1707 595 1748 fici-i
631 1710 803 1751 omnino
834 1722 968 1764 potuit
1004 1724 1050 1751 vt
1085 1713 1399 1759 distantiaiim-

125 1774 161 1813 bi
222 1775 386 1814 Veneris
437 1786 456 1813 a
513 1773 638 1812 limbo
689 1772 792 1813 Solis
836 1776 938 1815 iusto
975 1777 1102 1816 maior
1139 1778 1184 1818 sit
1218 1766 1394 1819 inuenta.

125 1835 215 1878 Hoc
249 1837 384 1879 (altem
415 1849 466 1877 ex
498 1837 679 1890 pluribus
712 1838 1053 1879 obseruationibus
1087 1843 1201 1894 super
1237 1845 1398 1887 ,o'istan-

126 1903 192 1942 tiis
234 1902 465 1953 marginum
501 1902 604 1942 Solis
641 1911 679 1940 et
718 1903 882 1942 veneri,
917 1905 1024 1944 iactis
1058 1907 1222 1947 edoctus
1271 1910 1357 1948 sum
1380 1934 1394 1955 ‚

128 1967 167 2006 in
207 1967 344 2006 iisdem.
379 1966 584 2016 capiendis
607 1997 618 2016 ‚
669 1977 822 2007 errores
862 1980 901 2019 3,
936 1983 965 2017 4
1000 1972 1096 2021 quin
1132 1982 1172 2012 et
1208 1976 1303 2013 atico
1349 1968 1395 2022 5¹¹

124 2031 333 2071 committi
370 2030 501 2082 posse,
550 2043 625 2071 cur
658 2042 793 2071 antem
831 2031 1063 2074 huiusmodi
1100 2040 1283 2088 operatio
1319 2051 1395 2091 pro

125 2095 304 2135 distantia
360 2097 528 2134 minima
580 2097 811 2145 marginum
868 2101 1127 2140 1110115[1r„111dzl
1182 2104 1226 2143 ab
1277 2108 1393 2147 omni

124 2162 278 2200 errandi
315 2161 495 2213 periculo
527 2161 600 2201 effe
632 2161 787 2201 deberet
841 2163 1041 2203 immunis
1095 2165 1252 2207 nullam
1305 2184 1395 2222 pcr-

665 2225 712 2266 M
740 2240 776 2267 ni
801 2239 840 2266 m
865 2241 904 2268 m
942 2241 966 2267 2
1266 2234 1392 2286 spice-
