1852 2730
590 231 705 286 ”02⁸5ss
741 227 753 286 (
787 242 813 272 0
848 227 862 285 )
896 228 1012 282 eess«
1385 241 1439 281 ες

164 359 231 390 rna
268 346 316 389 sit
348 344 723 401 generalissimum,
771 347 869 388 adeo
902 356 952 388 vt
989 358 1071 388 non
1109 342 1243 386 solum
1296 343 1441 386 locum

163 412 302 454 habeat
355 413 511 465 quando
562 405 649 462 (Dx
696 412 749 453 est
799 411 955 453 ίιιοὲὶίο
987 411 1211 463 algebraica
1245 409 1370 465 ipsius
1399 420 1442 458 x,

162 478 225 518 sed
261 478 382 517 etiarn
419 489 494 527 pro
528 478 830 529 quibuscunque
865 476 1137 518 functionibus
1170 475 1445 517 transcenden-

165 541 295 589 tibus3
349 539 442 578 hinc
495 539 558 581 Cl.
615 541 737 580 huius
777 541 1060 582 dissertationis
1093 539 1261 582 Auctor
1292 550 1441 594 operae

162 604 344 658 pretium
395 603 515 643 duxit
567 605 607 644 in
662 606 891 655 generalem
943 615 982 644 et
1016 604 1202 645 latiffime
1236 614 1441 658 patentem

162 669 245 708 cius
277 668 659 708 demonstrationem
700 666 915 718 inquirere.
989 667 1072 707 Hac
1106 678 1243 709 autem
1266 671 1445 711 demon-

160 732 348 773 firi-itione
382 733 556 781 traditat
610 730 896 771 Theorematis
930 731 1046 770 vsum
1095 731 1219 772 adhuc
1271 745 1438 784 genera-

159 796 306 836 liorem
361 796 434 836 effe
482 796 652 837 ostendit
673 825 683 845 ,
736 795 833 836 adeo
886 805 931 834 vt
962 798 1049 836 eius
1082 808 1160 849 ope
1194 807 1273 835 nou
1308 797 1439 836 {olum

158 859 313 901 fune'tio
345 872 600 913 quaecunque
634 861 754 913 ipfiUS
788 872 840 908 x,
876 859 948 902 sed.
977 862 1076 900 adeo
1126 860 1281 901 functio
1331 861 1441 901 bina-

158 936 250 966 rum
288 925 543 965 variabilium
580 937 608 965 x
641 936 680 965 et
713 934 730 965 ί
765 922 946 964 exhiberi
979 934 1114 976 queat.
1181 924 1338 965 Deinde
1367 939 1442 967 ve-

157 1001 206 1030 ro
240 988 472 1030 Theorema
509 989 639 1030 adhuc
675 989 809 1030 multo
837 989 956 1029 latius
991 989 1226 1031 extenditur
1249 1019 1261 1038 ‚
1297 989 1328 1030 ss
1352 992 1440 1032 fue-

156 1054 211 1094 rit
246 1062 262 1093 ι
284 1062 427 1100 -x÷
451 1056 537 1095 P:
561 1070 611 1106 0,
643 1055 711 1096 vbi
750 1053 782 1093 P
812 1053 994 1106 designat
1031 1057 1300 1107 quantitatem
1338 1067 1438 1109 quo-

157 1119 440 1172 modocunque
474 1130 525 1157 ex
558 1131 585 1158 x
616 1130 657 1160 et
698 1128 715 1159 t
768 1118 981 1158 conflatam
1007 1145 1019 1166 ,
1068 1132 1144 1172 pro
1195 1118 1272 1160 hoc
1322 1121 1436 1162 enim

155 1182 242 1222 casu
281 1196 360 1223 non
399 1182 525 1223 (olum
563 1184 726 1236 quaeuis
761 1182 916 1222 functio
949 1181 1072 1235 ipsius
1118 1194 1163 1231 x,
1197 1185 1257 1225 sed
1307 1185 1435 1225 etiam

152 1246 308 1287 funstio
339 1259 602 1300 quaecunque
637 1249 822 1288 binarum
859 1248 1117 1288 variabilium
1152 1259 1182 1287 x
1214 1259 1256 1289 et
1289 1257 1329 1298 t,
1362 1261 1434 1301 pet

153 1309 280 1353 solam
316 1319 332 1350 t
356 1314 446 1352 satis
479 1313 673 1354 concinne
708 1312 888 1354 exhiberi
912 1312 1035 1363 potest
1056 1341 1068 1361 ‚
1100 1313 1206 1364 quod
1224 1314 1346 1352 etiam
1368 1313 1435 1353 vi-

152 1375 283 1417 ciffim
311 1376 446 1418 valere
477 1379 524 1417 de
558 1378 826 1419 funstionibus
858 1375 983 1430 ipsius
1018 1385 1053 1426 t,
1088 1376 1153 1417 vel
1189 1378 1367 1431 ipsarum
1402 1388 1433 1419 x

153 1450 193 1480 et
224 1446 252 1490 t,
289 1453 358 1494 per
391 1455 419 1483 x
451 1444 727 1494 exprimendis
762 1455 834 1496 per
869 1443 906 1483 se
942 1443 1105 1482 euidens
1135 1441 1203 1483 est.
1271 1443 1328 1483 Vt
1364 1443 1434 1482 de-

155 1516 273 1545 murn
307 1506 354 1545 de
391 1511 460 1547 viu
510 1506 632 1547 huius
686 1506 972 1547 Theorematis
1024 1505 1158 1559 aliqua
1203 1507 1431 1548 constarent

152 1568 215 1610 Cl.
254 1571 412 1611 Auctor
458 1572 543 1611 eius
593 1571 913 1624 adplicationem
966 1571 1334 1619 commonstrauit,
1383 1572 1431 1613 ad

152 1635 433 1684 exprimendas
467 1638 754 1690 aequationum
794 1635 1107 1689 algebraicarum
1159 1637 1306 1677 radices
1361 1648 1432 1689 per

153 1698 269 1737 {eries
293 1729 303 1748 ‚
336 1702 401 1739 vbi
435 1710 568 1740 tamen
604 1702 641 1741 id
675 1703 854 1742 obferunt
880 1733 890 1748 ,
925 1703 993 1741 lias
1027 1695 1143 1742 serie's
1175 1703 1324 1754 saepius
1349 1713 1430 1741 non

153 1760 241 1801 fieri
293 1774 585 1813 conuergentes
636 1765 803 1817 ideoque
852 1766 1002 1806 radices
1055 1765 1302 1816 aequationis
1350 1777 1430 1803 non

149 1824 337 1864 exhibere
361 1857 373 1876 ,
424 1838 553 1876 neque
604 1827 816 1868 criterium
850 1830 1022 1870 constare
1054 1840 1104 1867 ex
1140 1839 1222 1879 quo
1259 1828 1433 1866 demon«

149 1888 259 1929 strari
303 1893 419 1943 ponxt
452 1902 526 1942 pro
561 1892 878 1945 vniuscuiusque
906 1891 1154 1942 aequationis
1187 1891 1431 1940 aigebraicae

147 1955 370 2002 radicibuS,
406 1964 468 1994 tot
500 1952 682 1996 exhiberi
717 1954 820 2008 poffe
855 1955 968 1996 series
1000 1964 1428 2008 conuergentes,quot

93 2054 101 2062 ,
148 2020 294 2059 radices
325 2018 395 2058 illa
431 2017 610 2060 habuerit
645 2019 776 2061 reales,
860 2019 988 2061 Porro
1023 2032 1148 2071 quum
1186 2015 1274 2070 ΦΛ·
1306 2031 1426 2071 quas-

148 2094 308 2136 cunque
362 2083 585 2124 functiones
639 2085 956 2125 transcendentes
1012 2083 1224 2124 inuoluere
1276 2084 1423 2136 poffit‚

147 2146 271 2188 huius
320 2147 603 2188 'theorematis
653 2149 872 2202 applicatio
921 2150 966 2190 ad
1026 2149 1261 2191 huiusmodi
1315 2151 1423 2189 casus

211 2211 455 2256 Tom.XVI.
469 2212 581 2254 Nou.
592 2211 759 2255 Comm.
970 2215 994 2256 d
1325 2225 1422 2268 quon
