1852 2730
406 185 495 231 506
726 179 808 221 DE
862 176 975 220 COR
985 181 1061 221 DE
1112 178 1340 224 LEONIS.

460 306 498 336 a.
517 309 549 336 c.
592 296 747 342 Linea,
793 307 871 349 qua
907 295 1035 348 paries
1068 295 1109 335 in
1160 304 1273 348 parte
1323 295 1516 338 anteriori
1566 298 1675 353 stpto

589 362 789 401 afflueret.

450 424 490 479 f.
529 424 793 464 Ventriculus
829 422 960 462 cordis
995 420 1147 464 finister
1181 425 1352 477 integer.

458 501 496 542 g.
513 501 554 542 g.
587 488 754 540 Aneps,
811 486 992 539 parieti,
1038 490 1173 530 versus
1205 490 1307 531 bafin
1345 489 1477 530 cordis
1505 498 1676 533 externe

588 551 799 592 adhaerens
822 579 833 599 ‚
873 563 946 590 vna
981 564 1076 593 cum
1115 555 1260 607 pariete
1292 554 1484 595 diffecstus.

460 614 552 656 hh.
594 616 726 656 parles
760 616 948 656 carnosus
1004 618 1220 659 ventriculi
1274 620 1410 660 dextri
1458 617 1676 669 diffictus,

589 681 654 721 vbi
692 681 851 721 craffior
885 679 950 720 est.

460 743 487 784 i.
507 744 533 785 i.
554 756 591 787 a.
627 743 741 785 Idem
780 744 905 797 paries
926 774 937 794 ,
971 745 1037 786 vbi
1077 747 1235 787 tenuior
1270 748 1335 789 est.

460 808 539 849 k.l.
580 810 773 851 Fascicu’i
826 810 1095 861 mulculare5‚
1147 825 1168 852 a
1218 812 1328 867 septo
1378 813 1421 853 in
1477 811 1674 867 parietem

591 874 848 914 transeuntes,

461 949 508 978 m.
547 936 714 992 <eptum
738 967 749 988 ,
784 950 945 992 ειιιεῳιε
982 952 1069 994 pars
1103 941 1295 982 anterior.

457 1013 494 1041 n.
539 1002 802 1043 Foraminuln
834 1015 962 1044 caeca.

456 1077 488 1108 o.
531 1066 681 1120 papilla
733 1079 871 1108 carnea
923 1068 1054 1121 septi,
1100 1079 1152 1108 ex
1206 1081 1284 1122 qua
1336 1068 1595 1112 filamentum
1632 1071 1674 1112 in

583 1128 795 1171 valuulam
830 1132 1018 1172 venosam
1053 1133 1228 1173 ducitur.

452 1200 493 1249 p.
532 1193 724 1236 Lacertus
757 1208 952 1244 carnem,
1002 1198 1072 1249 qui
1111 1197 1152 1236 in
1190 1206 1344 1249 partem
1381 1197 1568 1238 valuulae
1603 1211 1674 1237 nn-

597 1260 791 1298 teriorem
829 1259 995 1306 transit,
1051 1269 1265 1311 totumque
1302 1260 1423 1298 huius
1458 1261 1580 1311 partis
1613 1259 1673 1298 la-

588 1330 654 1361 tus
687 1322 878 1360 dextrum
911 1331 1093 1372 occupat.

452 1391 546 1438 p.p.
585 1384 702 1424 Alter
738 1384 932 1423 eiusmodi
984 1383 1188 1424 fasciculus
1238 1386 1453 1433 carnosus,
1504 1386 1571 1437 qui
1631 1385 1671 1425 in

587 1460 744 1501 partem
782 1447 968 1487 valunlae
1001 1450 1169 1487 venolne
1205 1450 1464 1500 posteriorem
1503 1448 1652 1488 translt.

462 1524 542 1565 q.q
574 1525 609 1564 q.
651 1511 814 1553 Radices
849 1511 1000 1551 horum
1056 1510 1334 1552 fasciculorum
1359 1538 1370 1560 ‚
1424 1510 1568 1564 qu1bus
1619 1521 1673 1551 ex

594 1578 741 1628 pariete
777 1574 995 1616 ventriculi
1028 1575 1233 1614 oriuntur.

460 1651 495 1680 r.
530 1638 805 1681 Annssomosls
840 1641 990 1680 horum
1027 1636 1323 1680 fasciculorum.

462 1716 495 1744 s.
516 1715 546 1742 s·
568 1717 601 1744 s.
641 1704 864 1745 Columnae
898 1701 1078 1743 carnosae
1112 1701 1312 1758 planiores
1343 1710 1384 1742 et
1418 1702 1637 1745 debiliores.

459 1773 483 1807 t.
508 1776 536 1809 t.
575 1768 790 1809 Foueolae.

462 1843 501 1873 v.
539 1831 631 1883 Pars
666 1832 854 1874 valnulae
886 1830 1035 1873 orificii
1071 1829 1210 1871 venoss
1254 1831 1462 1881 anterior,
1513 1831 1666 1872 sursum

590 1896 691 1938 flexa
713 1927 724 1946 ,
758 1909 804 1939 vt
838 1896 1045 1937 orificium
1078 1894 1272 1935 venosum
1307 1905 1347 1934 et
1403 1907 1491 1949 pars
1543 1896 1671 1948 poste-

589 1963 674 2002 rior
706 1962 826 2002 huius
859 1958 1043 2002 valuulae
1079 1958 1132 1999 D.
1167 1969 1365 2010 apparent.
1435 1961 1528 2000 Pars
1562 1961 1669 2000 eius-

587 2026 678 2066 dem
713 2024 903 2067 valuulae
939 2024 1155 2064 finisterior
1191 2033 1298 2061 tetro
1333 2025 1484 2075 septum
1520 2024 1624 2064 latet.

465 2099 514 2129 αι.
537 2100 584 2128 w.
624 2090 852 2131 Filumenta
890 2089 1012 2127 huius
1044 2087 1169 2142 partis
1202 2085 1418 2138 valuulac‚
1452 2101 1471 2128 a
1509 2090 1671 2129 muscu-

592 2151 636 2196 lo
661 2160 703 2210 p.
740 2152 947 2211 produstm

1523 2228 1562 2258 x.
1595 2212 1668 2255 In-
