1852 2730
215 211 511 257 GEOCENT.
546 210 831 258 TEMPORE
866 211 1207 262 TRANSITVS.
1270 221 1358 271 σῃ

92 329 231 370 Venus
265 340 379 371 motu
418 328 589 369 relatiuo
622 328 799 370 orbitam
835 330 1050 373 describere
1101 330 1334 386 concipitur
1355 362 1369 383 ‚

91 392 167 434 ssnt
202 395 241 434 A
276 405 316 435 et
351 395 384 436 Β
419 395 502 435 duo
537 393 622 434 loca
656 393 831 435 Veneris
867 395 909 435 in
966 397 1093 437 orbita
1118 427 1129 446 ‚
1186 408 1368 450 quorum

91 454 158 500 ille
194 470 356 514 tempus
390 458 514 499 medii
554 456 740 499 tranfitus
795 461 1049 512 anteuertit,
1099 458 1166 501 hic
1228 470 1368 501 autem

91 524 346 578 insequitur,
398 522 461 562 his
515 534 654 564 autem
691 521 790 564 locis
827 527 1086 579 respondeant
1122 524 1210 566 loca
1243 536 1370 579 appa-

91 590 221 629 rentia
258 589 320 630 seu
353 588 556 629 obseruata
592 601 630 640 a,
662 587 687 629 b
723 601 796 640 pro
827 591 971 642 qubus
1003 590 1126 630 etiam
1162 590 1369 630 distantiae

93 653 180 694 Oa
211 662 249 693 et
285 651 366 698 Ob
406 665 470 703 per
507 653 802 693 obseruationes
834 655 988 694 dantur.
1056 652 1213 695 Centro
1247 656 1291 697 O
1326 663 1370 695 et

35 729 38 732 ⁴
90 717 211 757 radiis
247 721 288 761 O
312 717 474 766 b‚·Oa
506 717 693 771 descripti
725 718 1010 771 concipiantur
1042 729 1156 759 arcus
1186 717 1370 771 am,bn‚

90 781 211 821 rectis
246 786 287 826 O
310 781 350 821 A
384 791 423 820 et
457 780 552 825 OB
587 783 627 823 in
663 794 698 822 m
743 793 784 822 et
817 795 840 822 n
887 793 1142 823 occurrentes
1163 813 1175 833 ‚
1227 791 1372 822 erunt-

91 857 167 898 que
204 854 330 898 partes
363 845 526 887 resectae
561 848 599 888 A
621 859 658 886 m
691 856 729 886 et
763 846 797 887 B
818 859 841 886 n
875 857 939 886 eae
973 847 1243 901 quantitates,
1278 846 1372 898 qui-

90 909 155 948 bus
193 910 394 951 distantiae
429 922 544 951 verae
575 908 680 955 ΘΑ
716 920 756 950 et
793 915 834 956 O
856 909 890 950 B
924 911 974 950 ob
1006 911 1195 952 effeetum
1232 907 1374 950 Paral-

89 972 221 1024 laxis,
257 974 336 1015 fiue
375 974 599 1025 imminui,
635 974 717 1014 siue
750 974 890 1026 augeri
924 974 1108 1023 debeant,
1142 984 1191 1014 vt
1223 975 1266 1015 in
1301 985 1373 1026 ap-

91 1051 274 1091 parentes
320 1044 426 1088 Oa,
472 1039 558 1084 Ob
611 1042 964 1079 transformentur.
1048 1039 1191 1093 Quum
1243 1038 1372 1090 igitur

90 1114 168 1155 pro
202 1103 302 1144 datis
336 1103 665 1145 obieruationum
703 1104 952 1158 temporibus
989 1101 1032 1142 hi
1076 1102 1238 1143 effectus
1293 1100 1372 1142 Pa-

92 1166 258 1208 rallaxis
290 1169 550 1208 determinari
588 1166 762 1219 possint,
817 1168 1019 1208 dabuntur
1052 1168 1179 1207 etiam
1215 1166 1374 1207 valores

91 1229 294 1273 linearum
330 1232 425 1275 ΘΑ
458 1242 498 1270 et
533 1236 573 1275 O
595 1231 652 1282 B,
687 1243 807 1284 porro
841 1244 971 1284 quum
1027 1231 1157 1284 ipium
1213 1239 1374 1284 tempus

90 1295 196 1336 binas
233 1294 473 1336 huiusmodi
507 1292 804 1335 obseruationes
836 1297 1075 1337 interiacens
1106 1306 1268 1348 quoque
1302 1296 1373 1336 de-

91 1368 193 1411 tur,
246 1358 464 1400 innotescet
518 1356 633 1398 valor
685 1358 813 1399 lineae
851 1359 894 1399 A
918 1361 953 1401 B
990 1372 1061 1412 per
1095 1359 1239 1399 datum
1277 1372 1374 1400 mo·

92 1432 183 1462 tum
221 1422 437 1464 horarium
476 1421 645 1461 Veneris
683 1422 724 1462 in
759 1421 886 1462 orbita
928 1422 1040 1463 facile
1097 1422 1371 1463 determinan-

91 1486 174 1526 dus.
261 1487 441 1527 Inuentis
481 1486 608 1537 igitur
642 1486 766 1526 tribus
804 1487 999 1537 trianguli
1037 1489 1079 1528 O
1101 1484 1194 1526 AB
1229 1485 1371 1526 lateri-

91 1551 193 1602 bu5‚
229 1550 404 1603 quaestio
435 1561 483 1589 eo
521 1549 782 1598 reuoluitur,
823 1560 870 1590 vt
905 1550 998 1590 inde
1034 1546 1218 1587 eliciatur
1255 1549 1374 1590 valor

93 1615 221 1655 lineae
257 1614 596 1668 perpendicularis
631 1618 672 1655 O
696 1614 765 1660 M,
804 1625 876 1654 nec
922 1624 1008 1653 non
1061 1612 1369 1664 segmentorum

96 1681 132 1720 A
161 1679 201 1719 Μ
259 1689 299 1719 et
349 1678 474 1726 ΒΜ,
525 1677 666 1730 quibus
717 1676 818 1718 datis
870 1676 994 1717 etiam
1044 1685 1206 1730 tempus
1242 1677 1369 1719 medii

95 1741 284 1785 transitus
315 1744 587 1794 cognoscetur.
668 1739 887 1781 Breuitatis
921 1741 1048 1793 gratia
1085 1741 1269 1781 dicamus
1307 1741 1369 1782 la·

98 1820 160 1849 tus
193 1811 236 1851 O
259 1811 404 1854 Aza,
439 1802 637 1850 Osszb
674 1814 714 1843 et
753 1804 939 1846 A13:c
975 1805 1280 1846 semisummam
1299 1817 1369 1845 au-

96 1884 179 1914 tem
204 1871 374 1911 laterum
396 1884 440 1918 s,
459 1881 629 1920 tumque
650 1881 702 1909 ex
736 1867 972 1911 Geometria
1010 1869 1197 1910 tonstabit
1230 1880 1371 1911 aream

97 1939 224 1979 totius
259 1933 449 1986 trianguli
489 1936 525 1975 A
548 1932 646 1978 ΘΒ
681 1932 754 1974 hac
791 1933 973 1988 exprimi
1009 1933 1216 1975 formula:

199 2019 1101 2082 AAosszwfso-aMs—bw-c)

99 2127 236 2168 eadem
296 2134 432 2165 autem
492 2135 577 2164 area
605 2151 619 2173 ,
676 2132 807 2174 quum
870 2118 1049 2173 aequalis
1105 2129 1264 2173 quoque
1318 2118 1367 2160 fit

101 2190 180 2237 &A
201 2192 244 2233 B.
268 2193 310 2233 O
334 2188 408 2237 M,
442 2188 531 2232 inde
574 2190 737 2243 sequens
784 2185 1000 2228 deducitur
1056 2184 1171 2226 valor
1221 2184 1369 2224 distan-

102 2256 179 2299 tiae
209 2255 406 2299 minimae
1009 2294 1015 2299 ,
1255 2251 1298 2295 0
1316 2245 1365 2288 M
