1852 2730
459 211 483 251 a
659 203 743 248 DE
772 201 995 248 somnis
1027 203 1201 260 Qvoss.
1237 200 1523 248 SVPERHC.

454 331 627 376 corpora
660 317 900 374 prismatica
931 327 973 359 et
1008 317 1263 372 pyramidica
1286 346 1298 368 ‚
1342 315 1418 356 alia
1452 329 1607 372 quoque
1642 319 1727 361 dari

451 395 676 440 corporum
736 393 881 436 genera
939 394 1040 436 quae
1097 381 1175 421 hoc
1231 380 1354 420 modo
1402 378 1536 420 charta
1587 383 1726 424 obduci

452 458 603 504 queant
627 479 639 500 ,
669 455 930 501 quorumque
961 446 1059 487 adeo
1093 441 1346 499 superficiem
1380 442 1420 484 in
1454 442 1623 496 planum
1654 459 1728 488 ex.

455 512 608 571 piicare
643 512 775 555 liccat,

611 624 677 650 10.
711 607 763 647 In
795 604 1003 661 superficie
1033 615 1132 657 ergo
1181 602 1334 645 horum
1386 616 1610 658 corporum
1660 605 1730 647 da-

453 675 608 715 buntur
641 672 768 711 etiam
802 679 1060 722 quotcunque
1094 668 1219 708 lineae
1251 667 1379 709 restae
1414 672 1502 720 Aa,
1535 669 1617 719 Bb,
1653 669 1730 720 Cc,

456 733 547 778 Dd
574 744 652 775 etc.
687 744 788 786 quae
820 731 977 772 etiamsi
1013 742 1143 784 neque
1178 732 1284 772 inter
1319 731 1354 770 se
1388 731 1465 771 sint
1497 731 1730 784 parallelae,

454 808 579 850 neque
630 797 678 837 ad
730 796 950 849 quodpiam
983 795 1182 849 punitum
1216 805 1502 846 conuergentes
1531 825 1542 840 ,
1595 803 1730 835 tamen

455 860 513 901 ita
546 869 664 901 erunt
699 868 990 913 comparatae,
1041 867 1089 898 vt
1137 858 1252 899 binae
1284 869 1461 912 quaeque
1518 859 1730 912 proximae

455 923 587 966 veluti
621 925 693 968 Aa
726 933 766 965 et
799 922 881 974 Bb,
920 921 987 964 vei
1021 921 1089 963 Bb
1121 931 1162 962 et
1188 920 1270 971 Cc,
1302 922 1369 962 vel
1402 920 1467 964 Cc
1500 932 1541 962 et
1562 921 1641 963 Dd
1656 932 1730 963 etc.

456 987 533 1029 nisi
567 988 643 1030 sint
677 986 894 1042 parallelae
916 1017 930 1037 ,
969 985 1183 1039 productae
1214 984 1353 1026 saltem
1389 987 1431 1026 in
1464 998 1546 1025 vno
1578 988 1731 1039 punCto

455 1061 705 1094 concurrant
728 1082 740 1102 ,
780 1051 853 1092 nifi
885 1050 997 1091 enim
1033 1049 1110 1091 hoc
1142 1050 1325 1090 eueniret
1346 1081 1359 1101 ‚
1412 1051 1587 1102 spatium
1622 1050 1731 1090 inter

456 1114 693 1156 huiusmodi
725 1116 836 1154 binas
869 1114 996 1155 restas
1030 1113 1237 1165 proximas
1269 1112 1310 1150 in
1342 1112 1548 1165 superficie
1586 1125 1733 1166 corpo—

457 1178 514 1218 ris
549 1179 823 1232 interceptum
857 1187 939 1216 non
975 1175 1077 1217 soret
1114 1175 1319 1228 planum,
1372 1188 1500 1230 neque
1544 1188 1735 1229 propter·

457 1252 502 1281 ea
535 1241 661 1295 ipsam
698 1238 951 1294 superficiem
989 1240 1030 1278 in
1082 1239 1254 1292 planum
1304 1239 1507 1290 explicare
1560 1241 1734 1292 liceret,

457 1304 646 1357 quamuis
700 1305 742 1344 in
797 1316 843 1344 ea
893 1303 1083 1343 darentur
1135 1309 1400 1356 quotcunque
1444 1303 1570 1344 lineae
1605 1304 1733 1344 rectae

457 1370 554 1419 Aa,
586 1366 678 1418 Bb,
712 1366 783 1408 Cc
816 1375 891 1408 etc.
958 1366 1024 1407 Ex
1056 1376 1137 1419 quo
1165 1365 1450 1407 concludimus
1486 1368 1532 1407 ad
1568 1379 1735 1421 corpora

456 1433 576 1485 scopo
611 1432 744 1473 nostro
777 1430 1051 1472 satisfacientia
1086 1442 1166 1469 non
1201 1430 1381 1472 sufficere
1406 1462 1418 1482 ,
1454 1440 1501 1471 vt
1533 1431 1647 1484 super
1685 1432 1735 1470 iis

457 1504 722 1565 quotcunque
757 1495 880 1535 restas
915 1495 951 1534 A
974 1507 1013 1545 a,
1044 1492 1079 1535 Β
1100 1492 1140 1543 b,
1175 1491 1248 1534 Cc
1281 1495 1425 1534 ducere
1468 1493 1586 1535 liceat
1607 1524 1619 1543 ‚
1669 1493 1733 1535 sed

455 1558 621 1612 insuper
657 1558 868 1611 imprimis
903 1558 1058 1611 requiri
1089 1565 1136 1597 vt
1169 1557 1281 1597 binae
1314 1557 1526 1610 proximae
1564 1559 1604 1597 in
1659 1570 1736 1598 eo-

455 1621 550 1661 dem
587 1621 708 1675 plano
739 1621 910 1662 existant
934 1621 1236 1675 spatiumque
1254 1630 1360 1663 mter
1379 1632 1440 1662 eas
1462 1620 1735 1674 interceptum

458 1684 592 1742 ipsum
627 1684 677 1725 sit
710 1684 890 1740 planum

617 1779 844 1820 11.Nunc
877 1781 959 1820 iam
992 1781 1034 1819 in
1084 1779 1296 1820 infinitum
1344 1791 1559 1828 augeamus
1608 1779 1734 1819 restas

457 1841 547 1882 illas
578 1843 616 1882 A
636 1856 676 1890 α,
710 1842 746 1882 Β
767 1842 805 1891 b,
835 1843 909 1883 Cc
942 1853 1020 1882 etc.
1060 1854 1106 1882 vt
1140 1852 1286 1893 corpus
1320 1840 1502 1879 nostrum
1554 1842 1730 1882 obtineat

458 1902 714 1954 superficiem
751 1902 895 1954 vbique
929 1903 1183 1942 incuruatam
1208 1933 1220 1952 ,
1255 1904 1601 1955 quemadmodum
1635 1906 1734 1947 Pro-

459 1965 590 2008 blema
624 1966 801 2006 nostrum
836 1965 887 2007 ob
918 1966 1194 2006 continuitatis
1225 1965 1356 2018 legem
1392 1969 1579 2019 postulat.
1646 1968 1734 2008 At-

461 2041 539 2083 que
570 2041 677 2070 nunc
711 2030 873 2082 quidem
909 2030 1040 2070 statim
1075 2039 1243 2082 apparet
1265 2063 1276 2081 ,
1311 2031 1558 2083 superficiem
1593 2030 1731 2072 huius-

461 2094 572 2136 modi
604 2106 825 2148 corporum
863 2095 918 2134 ita
953 2105 1228 2146 comparatam
1263 2094 1334 2135 csse
1367 2096 1534 2146 debere,
1600 2106 1645 2135 vt
1681 2107 1732 2136 ex

465 2155 647 2213 quolibet
678 2160 720 2200 in
752 2171 796 2199 ea
830 2159 964 2202 sumto
997 2159 1149 2214 puncto
1184 2170 1261 2201 vna
1293 2157 1432 2201 saltem
1465 2159 1568 2200 linea
1622 2160 1731 2199 reeta

1616 2223 1730 2265 educi
