1852 2730
400 201 491 243 260
626 197 722 241 DE
774 189 1443 238 VIBRATIONIBVS

556 314 608 357 D.
645 313 687 355 Si
720 312 934 363 longitudo
965 322 1027 351 ac
1059 307 1266 349 diuidatur
1317 307 1359 346 in
1414 314 1672 362 quotcunque

403 388 537 434 partes
570 378 746 431 aequales
780 389 822 426 n,
855 375 1100 416 vibrationes
1134 371 1396 412 harmonicae
1438 369 1528 410 fieri
1581 385 1675 425 pos-

401 447 492 485 su:.t
526 443 648 483 simul
680 442 795 493 super
828 439 967 489 quauis
1000 448 1113 491 parte
1136 468 1147 488 ‚
1201 436 1314 476 saetis
1344 437 1508 477 alternis
1554 434 1675 476 chor-

401 510 473 549 dae
508 510 546 546 in
582 515 711 558 partes
744 503 960 543 contrarias
1014 500 1361 542 incuruationibus
1412 499 1542 541 veluti
1597 499 1675 539 ser-

404 570 582 625 pentinis
632 576 749 620 atque
801 576 898 607 tunc
943 566 1021 606 erit
1073 566 1378 618 tempusculnm
1421 564 1676 616 singularum

401 634 682 673 vibrationum
715 646 768 672 z:
789 627 822 691 ᾗ
849 628 883 668 V
904 628 966 691 ᾖ.
1004 631 1109 672 Hinc
1142 631 1335 670 oriuntur
1369 631 1450 670 soni
1505 627 1677 669 accesso·

398 705 451 746 rii
474 737 483 754 ‚
517 707 585 757 qui
623 703 814 744 dicuntur
846 703 1054 743 harmonici
1088 704 1128 743 in
1164 702 1432 755 progressione
1485 714 1679 744 numero-

400 782 495 811 rum
535 767 780 808 naturalium
816 768 914 808 dum
954 779 1026 820 pro
1061 768 1216 818 integra
1253 766 1507 818 longitudine
1557 767 1675 806 chor-

398 835 469 874 dae
504 834 704 874 formatur
739 833 854 872 sonus
870 831 1192 886 finn'anzentalis,
1224 831 1294 881 qui
1331 831 1478 871 vnitati
1514 830 1679 881 respon-

399 899 477 939 det.
561 895 658 936 Imo
709 907 849 935 omnes
889 906 927 936 et
964 894 1136 947 singulas
1169 893 1317 934 diuersi
1351 893 1510 945 generis
1544 893 1680 933 vibra-

401 962 532 1002 tiones
566 960 683 1000 simul
718 961 932 1000 coexistere
969 960 1008 999 in
1044 971 1121 998 vna
1155 958 1373 1010 eademque
1406 956 1552 998 chorda
1591 969 1679 1009 pos-

400 1026 436 1067 se
457 1058 466 1076 ‚
517 1024 791 1065 demonstraui
830 1026 873 1066 in
908 1023 1232 1066 Commentariis
1265 1023 1520 1063 Academicis
1554 1020 1679 1064 Bero-

397 1088 627 1131 linensibus.

552 1178 771 1222 Caeterum
807 1179 1019 1234 designabo
1040 1211 1053 1231 ,
1103 1194 1181 1235 pro
1212 1179 1506 1222 vibrationibus
1541 1179 1682 1221 funda-

401 1245 648 1288 mentalibus
669 1276 680 1297 ,
714 1256 885 1286 curuum
917 1245 1022 1286 adc
1054 1246 1219 1285 nomine
1253 1257 1402 1286 curu-ae
1437 1243 1675 1284 vibi-aronae

394 1317 635 1364 prcnntmae.

541 1401 574 1447 §.
613 1411 651 1448 3.
690 1397 875 1440 Notetur
907 1398 989 1439 iam
1022 1401 1130 1454 quod
1165 1399 1193 1439 fi
1230 1410 1320 1453 pars
1352 1398 1526 1440 chordae
1560 1411 1681 1453 quae-

402 1464 468 1505 vis
504 1476 571 1516 ag
606 1464 650 1503 ab
684 1463 830 1504 chorda
861 1464 1014 1515 integra
1048 1478 1110 1505 ac
1152 1466 1354 1504 resecetur
1406 1464 1681 1515 punctumque

399 1539 428 1581 g
464 1538 694 1568 connexum
730 1529 977 1582 supponatur
1020 1541 1115 1568 cum
1160 1527 1233 1566 filo
1283 1527 1418 1565 omnis
1468 1525 1682 1575 grauitatis

403 1590 572 1644 experti:
595 1622 606 1642 ‚
658 1592 774 1630 cuius
824 1591 1039 1642 longitudo
1059 1591 1128 1645 sg
1162 1590 1282 1631 fucrit
1316 1588 1493 1642 aequalis
1525 1588 1683 1629 subtan-

403 1655 515 1707 genti
554 1668 626 1707 pro
662 1655 812 1709 punsto
846 1669 888 1704 e,
930 1654 1041 1696 nulla
1096 1653 1215 1708 plane
1267 1653 1356 1692 inde
1410 1653 1511 1694 oriri
1562 1653 1680 1706 possit

404 1719 582 1759 mutatio
618 1731 689 1760 nec
726 1720 767 1759 in
805 1729 1068 1759 curuaturam
1102 1718 1203 1759 edc
1240 1730 1312 1758 nec
1347 1716 1388 1756 in
1435 1718 1681 1758 vibrationes

403 1782 576 1825 chordae
610 1783 787 1823 residuae
817 1795 906 1836 gc,
942 1784 1014 1824 filo
1034 1783 1104 1837 fg
1136 1783 1250 1823 omni
1285 1783 1488 1831 grauitate
1521 1781 1680 1834 experti

402 1859 636 1897 connexae,
671 1848 804 1898 figura
840 1849 1000 1888 secunda
1037 1846 1136 1885 hanc
1168 1846 1369 1895 integram
1407 1845 1679 1886 mutationem

403 1914 672 1964 repraesentat
692 1925 763 1951 nec
797 1911 928 1952 differt
963 1924 982 1951 a
1016 1909 1148 1961 figura
1183 1909 1331 1960 prima,
1366 1909 1437 1948 nisi
1472 1909 1578 1961 quod
1614 1919 1680 1946 ar-

405 1987 476 2014 cus
507 1986 654 2015 curuae
688 1986 753 2013 ae
787 1976 946 2026 punc‘tis
978 1974 1026 2014 sit
1061 1982 1220 2011 notatus
1261 1982 1307 2010 vt
1343 1972 1431 2011 inde
1491 1980 1680 2023 appareat

403 2040 513 2093 quod
547 2035 664 2077 nullo
700 2038 824 2077 modo
866 2040 912 2078 ad
965 2037 1128 2087 systema
1179 2034 1431 2087 propositum
1480 2045 1677 2088 ptrtineat

404 2113 525 2155 atque
559 2101 674 2140 vnice
711 2113 785 2154 pro
820 2101 1101 2153 supplemento
1135 2099 1249 2139 ideali
1302 2110 1447 2138 curuae
1499 2099 1679 2139 vibrato-

405 2169 488 2211 tiae
518 2175 717 2208 truncatae
749 2166 960 2207 sumendus
993 2163 1072 2204 sit:
1125 2162 1177 2203 sic
1232 2163 1273 2202 in
1322 2173 1493 2217 vtraque
1546 2163 1675 2214 figura

1528 2239 1675 2268 curua·
