1852 2730
412 179 475 221 ³4
844 166 962 220 »52:ss
991 167 1008 218 (
1042 177 1071 209 0
1107 162 1124 222 )
1153 165 1268 219 &203⁴-

412 294 495 326 tam
549 293 835 340 quemcunque
887 283 1133 339 primarium
1184 281 1257 335 qui
1297 278 1325 322 si
1358 279 1435 324 sola
1468 280 1514 324 vi
1546 281 1685 325 versus

410 349 548 392 Solem
583 350 804 391 attrahente
838 359 1052 400 ageretur,
1084 348 1268 402 ellipsem
1302 347 1408 388 circa
1441 347 1577 389 Solem
1612 348 1683 389 de·

410 414 590 456 scribtrtt
611 443 623 465 ,
672 414 878 456 accedente
913 414 1072 456 aCtioiie
1106 414 1363 467 reliquorum
1399 409 1649 454 Planetarum
1670 440 1682 460 ‚

412 481 460 520 ab
490 479 568 520 hoc
603 491 719 521 motu
754 478 928 531 regulari
962 490 1001 519 et
1035 477 1218 530 clliptico
1252 474 1435 516 multum
1467 477 1680 519 deturbari.

411 544 490 586 Res
526 546 653 597 igitur
683 546 736 585 est
771 545 812 584 in
848 542 1107 582 Allronomia
1145 541 1316 581 maximi
1352 541 1582 590 momenti,
1617 540 1688 582 has

411 610 725 663 perzub.1tiones
774 616 815 646 et
866 604 1169 657 inaequalitates
1215 606 1255 646 in
1294 604 1472 645 motibus
1507 604 1687 647 Planeta-

412 685 508 714 rum
561 683 614 713 ex
664 672 820 712 actione
867 681 1009 709 eorum
1064 680 1208 710 mutua
1255 669 1445 710 oriundas
1483 671 1690 725 perspicue

411 737 583 777 definire
620 745 659 775 et
693 731 924 784 explicare,
958 734 1222 787 quamobrem
1258 734 1384 774 etiam
1426 735 1576 775 summi
1614 747 1689 776 no-

413 801 478 841 stri
513 800 601 841 aeui
638 797 882 840 Geonietrae
917 797 1145 839 Clairalttus
1167 829 1179 849 ‚
1210 791 1495 839 d'Atemhertus
1529 807 1571 839 et
1608 798 1693 838 im-

413 867 560 919 primis
595 862 746 904 lllullr.
781 862 902 903 huius
937 862 1218 903 dissertationis
1255 862 1414 902 Auctor
1449 862 1490 902 in
1526 873 1691 917 pertur-

413 929 635 972 bationibus
669 926 731 967 liis
760 927 1022 977 definiendis,
1067 926 1264 980 insignem
1301 925 1557 968 collocarunt
1590 941 1687 982 ope-

411 1005 515 1036 ram.
587 992 720 1049 <Quod
772 1001 912 1032 autem
950 991 1157 1045 imprimis
1196 1002 1355 1031 motum
1393 990 1577 1032 Telluris
1611 1003 1690 1033 no-

413 1057 512 1098 strae
545 1059 720 1106 attinet,
755 1065 898 1096 notum
934 1056 1018 1107 est,
1068 1067 1162 1097 eum
1202 1067 1357 1109 praeter
1394 1057 1483 1096 vim
1539 1056 1689 1110 princi-

406 1121 578 1176 palem,
613 1133 692 1174 qua
730 1121 862 1160 versus
897 1119 1035 1160 solem
1072 1122 1271 1173 agitatur,
1306 1119 1527 1160 tuitionibus
1561 1120 1688 1172 Iouis,

415 1185 591 1227 Veneris
624 1194 665 1225 et
704 1183 838 1224 Lunae
872 1183 1362 1226 admodumsensibiliter
1407 1183 1539 1227 adfici.
1638 1185 1689 1224 ln

414 1249 605 1305 praesenti
636 1249 767 1300 ,igitur
803 1247 1092 1289 Differtatione
1127 1248 1279 1290 lllustr.
1317 1247 1480 1289 Eulerus
1518 1256 1691 1301 pertur-

414 1314 619 1356 bationem
671 1322 807 1353 motus
855 1312 1008 1352 Terrae
1057 1313 1103 1353 ab
1145 1311 1300 1352 afflone
1344 1313 1509 1353 Veneris
1542 1313 1690 1353 oriun-

413 1381 506 1421 dam
540 1378 717 1418 examini
753 1376 940 1418 subiicere
973 1387 1117 1430 operae
1153 1376 1332 1430 pretium
1367 1377 1515 1425 duxit,
1567 1377 1688 1430 idque

415 1456 467 1485 eo
502 1444 651 1484 maiori
684 1454 784 1482 cum
828 1442 948 1493 inre,
982 1442 1089 1493 quod
1122 1442 1161 1481 in
1197 1440 1267 1481 hac
1309 1439 1590 1494 inaequalitate
1620 1441 1692 1481 de-

418 1506 594 1548 finienda
632 1506 849 1547 secundum
886 1506 1087 1546 consuetas
1123 1507 1162 1545 in
1208 1504 1443 1546 huiusmodi
1485 1507 1691 1559 operatio-

418 1570 533 1611 nibus
569 1570 787 1612 Methodos
825 1571 1033 1624 procedere
1085 1582 1164 1609 non
1217 1569 1345 1610 liceat.
1428 1567 1595 1611 Scilicet
1647 1569 1691 1610 in

417 1635 610 1676 formulis
653 1635 732 1676 illis
777 1647 879 1688 qnae
932 1646 1007 1689 pro
1042 1632 1196 1676 afflone
1231 1634 1402 1675 Veneris
1439 1633 1479 1673 in
1518 1633 1691 1674 Terram

417 1698 717 1749 inueniuntur,
770 1711 897 1752 quum
957 1698 1129 1752 duplicis
1168 1701 1323 1751 generis
1357 1707 1572 1738 occurrant
1611 1707 1692 1738 ter·

421 1764 560 1812 mini,
597 1763 670 1803 alii
708 1775 808 1817 quos
841 1763 1022 1804 distantia
1060 1763 1224 1802 Veneris
1259 1775 1280 1803 a
1319 1762 1412 1804 Sole
1450 1762 1694 1812 ingreditur,

418 1828 491 1868 alii
528 1841 628 1868 vero
665 1829 703 1866 in
740 1828 883 1878 quibus
918 1827 1099 1867 distantia
1137 1826 1308 1867 Veneris
1344 1836 1363 1863 a
1402 1824 1526 1874 Terra
1572 1836 1691 1876 repe-

422 1894 560 1942 ritur,
611 1899 782 1942 Vtraque
837 1889 989 1929 horum
1028 1890 1302 1929 terminorum
1340 1888 1482 1940 species
1517 1885 1692 1939 singula-

421 1968 509 1996 rem
550 1965 728 1993 meretur
763 1952 1131 1993 considerationem.
1218 1951 1333 1992 Prior
1373 1952 1515 1998 enim,
1564 1961 1690 2005 quam

422 2018 554 2060 lllust.
590 2017 747 2059 Auctor
779 2028 934 2069 partem
976 2016 1141 2057 aaronis
1174 2014 1344 2055 Veneris
1378 2015 1562 2057 Solarem
1617 2029 1689 2056 no-

426 2074 600 2124 minauit
621 2112 633 2132 ‚
665 2082 717 2122 ita
750 2090 981 2135 comparata
1018 2081 1102 2129 est,
1135 2089 1180 2120 vt
1216 2078 1294 2121 siue
1328 2089 1485 2120 tantum
1520 2078 1566 2118 ad
1601 2092 1692 2120 mo-

424 2148 730 2190 tum-medium
768 2146 935 2188 Venetis
967 2145 1195 2201 respiciatur
1228 2144 1292 2186 seu
1325 2145 1452 2186 etiam
1489 2145 1693 2187 excentri-

1592 2220 1692 2251 cita·
