1852 2730
467 191 712 238 AERIS
770 192 856 236 IN
911 190 1157 237 TVBIS.
1361 208 1451 247 339

171 310 236 350 cui
271 310 492 352 conditioni
528 323 622 352 cum
663 309 794 365 praxis
838 309 1015 351 maxime
1066 309 1302 351 aduersetur
1325 339 1335 358 ‚
1372 309 1456 349 mi-

174 377 282 415 nime
321 378 475 416 mirum
510 378 591 427 est,
648 376 806 429 tutando
844 375 1079 415 huiusmodi
1116 377 1218 415 aeris
1267 375 1454 426 agitatio-

172 452 240 480 nes
275 451 358 480 tam
393 443 476 482 cito
513 452 691 492 pereunt.
779 439 1000 493 Pleraeque
1042 450 1179 480 autem
1235 439 1455 488 materiae,

170 516 222 544 ex
256 503 400 558 quibus
437 502 531 543 tales
568 505 653 544 tubi
688 502 836 545 confici
873 504 1033 556 solent,
1071 504 1284 544 manifesto
1314 516 1362 544 eo
1395 504 1456 542 ri-

169 570 280 620 goris
314 568 436 618 gradu
472 566 744 608 destituuntur
766 598 776 616 ‚
830 570 901 621 qui
936 570 981 608 ad
1024 570 1315 621 perennitatem
1362 579 1454 606 mo·

170 641 235 671 tus
265 631 502 672 oscillatorii
540 631 818 683 requireretur
841 662 852 681 ,
901 631 951 670 ob
984 644 1155 684 eamque
1191 631 1314 672 solam
1357 643 1455 671 cau·

170 696 280 746 sam,
314 693 470 735 etiarnsi
503 693 580 734 alia
619 695 911 748 impedimenta
946 706 1024 732 nou
1058 697 1228 736 adessent
1251 727 1262 745 ,
1299 696 1330 734 is
1365 708 1455 735 mo-

170 768 235 799 tus
268 759 339 801 diu
370 759 515 800 durare
551 770 630 799 non
668 757 804 813 poffet.
873 757 1047 798 Interim
1086 769 1219 798 tamen
1256 770 1338 811 quo
1373 761 1456 799 for·

169 823 255 863 tior
289 834 330 864 et
363 823 504 869 durior
538 821 656 864 fuerit
691 822 777 863 tubi
815 824 988 863 materia
1011 853 1022 872 ,
1073 835 1124 863 eo
1159 824 1295 863 minus
1334 834 1456 876 expe·

170 886 318 928 rientia
354 899 376 929 a
409 886 595 929 Theoria
629 887 813 930 recedere
846 885 1174 943 deprehenditur.

483 997 922 1060 Problen12
1011 1015 1111 1080 79.

325 1109 405 1146 66.
438 1105 479 1148 Si
517 1107 636 1147 tubus
669 1105 890 1157 aequaliter
925 1105 1087 1159 ampius
1120 1103 1160 1143 in
1196 1102 1322 1143 altero
1368 1114 1454 1145 ter·
1473 1098 1563 1157 Tab.
1596 1100 1675 1140 VH·

170 1168 287 1211 mino
321 1174 358 1211 A
383 1172 421 1211 A
456 1173 577 1212 fuerit
614 1181 773 1223 apertus
794 1198 806 1219 ,
840 1168 882 1207 in
917 1169 1047 1210 altero
1082 1180 1182 1208 vero
1219 1168 1252 1209 Β
1273 1167 1308 1209 Β
1342 1168 1455 1209 clau·
1471 1153 1543 1196 mg·
1574 1156 1631 1192 8⁷·

168 1234 233 1273 sus
254 1263 267 1283 ‚
321 1246 467 1288 aerque
520 1236 559 1275 in
603 1247 651 1275 eo
684 1242 896 1274 contentus
931 1243 1138 1286 vtcunque
1173 1233 1218 1271 de
1253 1232 1353 1272 statu
1387 1245 1453 1273 ae·

167 1297 355 1350 quilibrii
388 1298 629 1340 deturbetur
652 1327 663 1347 ‚
719 1307 882 1337 motum
917 1295 1213 1338 oscillatorium
1257 1307 1340 1350 quo
1389 1307 1456 1336 aer

168 1359 212 1403 in
245 1363 343 1405 tubo
375 1363 558 1419 deinceps
592 1360 843 1416 agitabitur,
878 1360 1164 1402 determinare.

629 1473 989 1532 Solutio.

324 1570 465 1615 Primo
496 1575 727 1627 agitationis
765 1585 980 1616 momento
1014 1576 1095 1617 ae'ri
1133 1576 1170 1616 in
1208 1576 1302 1618 tubo
1345 1576 1452 1618 circa

173 1628 203 1675 S
236 1636 409 1676 versanti
445 1637 492 1676 fit
512 1638 672 1678 inducta
707 1640 874 1679 densitas
906 1640 1025 1694 :Q
1054 1640 1226 1679 naturali
1261 1642 1453 1680 existente

173 1698 282 1739 :B
317 1698 518 1754 simulque
551 1700 735 1741 celeritas
771 1716 823 1742 :z
845 1703 879 1741 Υ
917 1703 1134 1743 secundum
1181 1705 1452 1744 directionem

172 1761 212 1800 A
235 1762 294 1811 B,
327 1764 418 1803 inde
451 1764 562 1804 binae
597 1765 716 1804 scalae
753 1766 806 1804 ita
841 1767 1100 1816 formentur,
1152 1776 1197 1806 vt
1234 1779 1308 1818 pro
1356 1768 1452 1808 scala

172 1824 419 1867 denfitatum
458 1829 495 1868 Α
518 1826 560 1868 D
595 1828 643 1870 fit
674 1827 870 1882 applicata
906 1828 932 1869 S
952 1825 1351 1890 Q:I}::Q—}⁸,
1381 1843 1454 1884 pro

177 1895 277 1938 scala
313 1911 415 1940 vero
450 1900 705 1942 celeritatum
739 1900 777 1940 E
797 1901 830 1942 Β
865 1901 1060 1954 applicata
1099 1903 1170 1944 SY
1187 1913 1232 1940 Ξ
1253 1904 1287 1942 Υ
1301 1897 1337 1940 V
1351 1894 1424 1969 :lg—a
1442 1931 1454 1952 ⁹

174 1980 350 2022 quarum
405 1970 476 2014 illa
530 1973 624 2012 scala
647 2004 659 2021 ‚
709 1974 802 2026 quia
848 1973 962 2012 tubus
997 1975 1041 2015 ad
1079 1976 1112 2013 Α
1137 1977 1176 2014 A
1208 1974 1259 2015 est
1294 1985 1455 2027 apertus

172 2045 245 2086 per
283 2036 480 2087 punctum
519 2037 581 2086 Α,
618 2036 716 2076 haec
753 2049 853 2077 vero
886 2037 980 2089 quia
1015 2038 1130 2076 tubus
1161 2039 1208 2078 ad
1262 2037 1294 2076 B
1317 2038 1349 2079 Β
1403 2038 1456 2078 est

171 2097 321 2139 clausus
355 2112 425 2152 per
463 2100 662 2155 punCtum
700 2100 734 2142 B
770 2100 935 2141 transire
970 2101 1092 2143 debet.
1161 2103 1240 2143 Has
1275 2104 1354 2142 iam
1377 2105 1455 2144 sca·

172 2161 229 2202 las
261 2165 456 2219 vtrinque
492 2166 547 2206 ira
592 2166 821 2208 continuari
876 2176 1072 2219 oportet,
1124 2178 1169 2208 vt
1217 2167 1358 2207 sumtis
1409 2168 1450 2205 in

769 2228 815 2272 V
836 2241 861 2269 v
900 2241 925 2267 2
1376 2242 1453 2270 axe
