1852 2730
418 230 511 272 312
832 212 953 260 DE
1015 215 1291 261 MOTV

407 345 536 389 quam
587 335 631 376 in
680 332 867 374 alteram.
971 330 1019 372 Id
1070 342 1211 374 autem
1246 340 1407 374 tantum
1438 332 1505 375 hic
1536 332 1696 388 obiici‚‘

411 399 573 454 potest,
627 400 733 451 quod
787 395 1043 450 experientia
1091 398 1270 451 spatium
1330 410 1400 451 per
1440 405 1545 453 quod
1579 404 1694 441 sonus

407 463 633 507 interuallo
682 461 805 501 vnius
859 460 1015 500 minuti
1064 462 1224 502 secundi
1276 474 1522 517 propagatur
1557 466 1694 505 multo

411 529 572 578 maim,
606 524 758 566 scilicet
799 538 919 575 1040
955 526 1041 579 ped.
1076 526 1187 569 lond.
1224 526 1429 578 exhibeat3
1463 541 1586 582 quam
1623 541 1697 569 no·

410 593 487 634 stra
522 590 701 630 Theoria
735 590 919 632 ostendit.
1007 588 1136 632 Cuius
1172 590 1443 644 phaenomeni
1480 595 1594 634 causa
1628 591 1694 634 vel

410 657 453 696 in
486 667 538 696 eo
570 655 626 696 est
662 654 791 708 posita
826 655 935 708 quod
965 653 1033 696 hic
1066 658 1109 697 iu
1141 654 1299 698 calculo
1334 658 1468 710 pulsus
1530 668 1696 698 rantum

410 719 614 761 minimos
642 720 904 762 admittimus
925 751 936 771 ‚
981 719 1012 759 ii
1047 731 1188 761 autem
1222 721 1341 772 soni,
1381 733 1558 775 quorum
1598 735 1695 775 pro·

410 785 575 840 pagatio
630 796 703 838 per
755 782 1037 838 experimenta
1084 786 1139 827 est
1174 784 1373 836 definita,
1424 798 1511 826 tam
1545 787 1696 828 fuerint

412 847 708 900 vehementes,
763 859 810 890 vt
861 848 1034 889 calculus
1081 850 1211 891 noster
1264 851 1310 890 ad
1345 862 1412 889 eos
1443 862 1523 890 non
1558 851 1699 890 debeat

409 913 746 965 accommodari3
799 913 966 968 ideoque
1017 913 1148 955 adhuc
1203 915 1243 954 in
1287 913 1410 954 dubio
1442 913 1696 967 relinquatur

408 991 546 1021 annon
578 978 662 1018 soni
697 978 884 1021 maxime
919 978 1067 1020 debiles
1097 993 1142 1020 ea
1190 979 1270 1032 ipsa
1319 978 1523 1021 celeritate
1575 988 1698 1031 quam

414 1042 681 1095 inuenimus,
724 1054 866 1083 reuera
901 1044 1226 1096 progrediantur.
1296 1043 1375 1084 Vel
1411 1043 1439 1083 fi
1472 1043 1597 1083 etiam
1634 1041 1699 1083 hic

412 1105 665 1160 experientia
701 1108 926 1159 refragetur
952 1138 964 1157 ‚
996 1109 1183 1161 suspicari
1218 1108 1358 1150 liceret
1379 1141 1390 1160 ,
1438 1107 1700 1148 acceleratio·

414 1180 512 1213 nem
565 1170 667 1212 hanc
724 1171 879 1223 ingenti
937 1174 1230 1225 particularum
1268 1174 1489 1214 solidarum
1527 1172 1567 1212 in
1603 1173 1697 1212 aete

415 1235 686 1276 volitantium
720 1237 859 1289 copiae
896 1237 1022 1278 tribui
1057 1238 1228 1288 debere,
1283 1239 1384 1277 dum
1418 1237 1531 1275 enim
1568 1236 1700 1285 agita-

415 1300 480 1339 tio
511 1301 557 1339 ad
589 1311 721 1340 vnum
758 1300 988 1339 terminum
1044 1299 1283 1339 huiusmodi
1333 1298 1551 1352 particulae
1603 1310 1697 1353 per·

416 1363 575 1414 tingit,
611 1363 755 1404 codem
789 1363 952 1402 instanti
984 1362 1110 1402 etiam
1146 1364 1347 1403 terminus
1380 1362 1590 1416 oppositus
1612 1363 1694 1402 im-

417 1426 586 1482 pellitur
635 1438 766 1479 neque
817 1437 1000 1480 tempore
1051 1439 1154 1480 opus
1204 1430 1305 1468 foret
1357 1428 1404 1466 ad
1446 1428 1587 1467 sonum
1625 1437 1696 1478 per

416 1491 671 1534 substantiam
706 1491 854 1532 harum
890 1490 1182 1545 particularum
1220 1491 1551 1544 propulsandum.
1590 1490 1698 1529 Huic

417 1567 528 1597 certe
559 1557 881 1597 circumstantiae
903 1586 916 1606 ‚
965 1556 1073 1609 quod
1111 1555 1176 1595 hic
1209 1556 1355 1596 sonum
1390 1555 1430 1593 in
1485 1554 1583 1594 tubo
1634 1554 1697 1593 in-

420 1619 624 1661 cludimus
660 1621 724 1662 hic
757 1620 940 1660 dissenlus
974 1621 1020 1660 ab
1049 1620 1301 1674 experientia
1353 1618 1478 1658 tribui
1526 1617 1700 1671 nequit,

421 1686 617 1736 quoniam
674 1687 776 1726 infra
828 1685 1056 1725 videbimus
1105 1685 1232 1725 etiam
1286 1685 1328 1725 in
1380 1685 1471 1724 a'e‘re
1519 1683 1699 1735 Vndique

420 1759 566 1803 aperto
596 1751 763 1790 eandem
796 1748 1048 1791 celeritatem
1085 1762 1160 1802 pro
1192 1749 1276 1789 soni
1322 1748 1607 1801 propagatione
1641 1747 1702 1786 in-

423 1815 568 1855 veniri.
656 1812 829 1855 Interim
883 1824 1020 1854 tamen
1071 1812 1136 1853 hic
1188 1813 1373 1852 dissensus
1423 1825 1503 1851 non
1544 1811 1704 1859 obstat,

423 1892 508 1930 quo
544 1879 677 1920 minus
714 1878 807 1919 hinc
841 1888 925 1919 tam
963 1878 1179 1930 productio
1210 1888 1332 1927 quum
1372 1877 1607 1928 propagatio
1641 1874 1704 1913 so-

425 1945 466 1984 ni
502 1943 607 1983 reste
638 1943 839 1996 explicari
876 1942 923 1982 sit
956 1941 1153 1981 censenda.
1221 1939 1396 1979 Fortasse
1427 1941 1549 1978 etiam
1581 1939 1703 1978 ratio-

428 2019 521 2045 nem
556 2006 677 2046 huius
711 2006 898 2046 diffensus
935 2006 973 2045 in
1007 2017 1058 2046 eo
1097 2004 1233 2056 quaeri
1289 2001 1427 2042 licebit
1481 2004 1586 2055 quod
1638 2003 1710 2042 ae-

427 2082 514 2110 rem
553 2081 711 2109 tantum
751 2080 845 2117 750
882 2069 1037 2109 vicibus
1072 2071 1265 2107 rariorem
1317 2067 1527 2106 statuimus
1576 2077 1708 2119 :iqua3

429 2134 458 2175 fi
491 2134 601 2174 enim
636 2135 671 2173 ei
709 2133 916 2172 raritatem
953 2135 1045 2182 966
1088 2132 1245 2172 vicibus
1302 2133 1495 2171 maiorem
1557 2131 1711 2169 tribua-

431 2209 556 2251 mus,
591 2196 765 2241 calculus
797 2209 894 2237 cum
926 2197 1175 2249 experientia
1210 2193 1351 2251 pulcre
1387 2196 1621 2238 consentiet.

1582 2258 1710 2304 Scho-
