1852 2730
561 200 675 253 *0823ss
709 193 725 252 (
759 208 785 240 ο-
820 197 832 252 )
1357 210 1411 249 17

133 328 231 358 cum
273 315 377 357 rest-„1
413 315 499 354 data
522 345 534 364 ‚
566 315 784 357 dimidium
815 316 898 356 fore
937 313 1052 354 illius
1087 323 1210 366 quem
1249 322 1418 364 tangens

136 383 246 437 prior
278 393 372 420 cuni
407 382 545 419 cadem
582 379 685 420 resta
725 380 843 428 eicit,
893 380 998 420 vnde
1036 379 1205 418 demum
1255 379 1418 418 deduci-

137 457 204 487 tur
229 477 239 495 ,
275 445 303 484 si
339 443 511 495 angulus
543 445 737 487 dimidius
772 446 931 486 dicatur
965 458 1013 495 ω,
1052 453 1215 495 tangens
1250 441 1325 496 ipsi
1358 453 1419 482 re-

138 509 328 563 spondens
364 515 380 545 t
418 519 457 547 et
497 508 684 558 Tange-ns
720 510 829 562 prior
862 509 923 558 T,
957 509 1041 550 fore
1064 508 1099 547 T
1123 505 1301 548 similem
1331 508 1421 547 fun-

140 575 313 615 ctionem
357 585 378 610 2
401 583 487 610 mac
524 579 540 610 t
581 571 634 611 est
671 573 788 625 ipsius
823 585 864 611 ω.
899 573 983 612 Hac
1014 581 1151 613 autem
1192 572 1424 626 proprieta-

143 649 178 678 te
213 633 506 690 praa-supposita
529 663 539 682 ,
592 634 840 675 facillimum
879 635 960 674 iam
1006 635 1093 685 est,
1138 636 1422 688 aequationem

141 699 406 749 Aualyticam
444 710 519 752 pro
551 710 675 740 curua
712 698 922 747 inuenire,
952 709 1049 738 cum
1083 699 1236 738 scilicet
1267 699 1424 752 duplex

141 764 346 819 quaeritur
382 762 496 803 valor
531 764 729 818 portionis
761 763 893 804 rectae
928 763 1042 802 datae
1078 761 1324 813 interceptae
1359 764 1426 802 in·

145 841 204 871 ter
235 829 342 868 binas
378 837 582 879 tangentes
606 859 616 879 ,
666 841 787 882 quam
823 827 1105 881 aequationem
1157 824 1426 877 Analyticam

143 904 300 948 practer
337 893 374 932 T
407 903 446 932 et
481 900 498 931 t
533 891 707 944 angulus
741 908 770 934 ω
811 891 1050 944 ingreditur.
1135 890 1247 932 Loco
1287 899 1426 930 autem

147 957 394 1011 aequationis
428 957 534 996 inter
569 958 622 1006 T,
656 966 671 997 ι
707 968 747 998 et
781 969 831 1007 ω,
865 956 938 996 alia
971 955 1108 1009 quaeri
1145 954 1273 1010 potest
1318 955 1426 995 inter

146 1022 309 1064 resectas
342 1019 470 1061 rcd‘tae
503 1021 615 1062 datae
648 1032 688 1062 et
725 1019 921 1073 angulum
960 1034 1017 1070 ω,
1054 1021 1118 1061 vel
1154 1020 1278 1060 etiam
1321 1019 1428 1060 inter

148 1084 349 1128 normales
397 1087 445 1125 ad
497 1097 669 1126 curnam
723 1087 763 1126 in
813 1085 914 1126 binis
950 1085 1110 1139 punctis
1145 1081 1350 1126 correlatis
1383 1091 1427 1123 et

149 1152 258 1191 hunc
294 1148 490 1201 angulum
515 1179 524 1196 ‚
572 1150 639 1190 vel
677 1152 801 1190 etiam
841 1150 947 1189 inter
982 1151 1092 1189 binos
1127 1159 1242 1189 arcus
1275 1158 1430 1190 curuae

149 1226 189 1256 et
223 1215 329 1254 hunc
365 1213 566 1265 angulum
590 1245 601 1265 ‚
635 1212 700 1254 vel
735 1215 841 1253 inter
871 1225 1022 1254 curuae
1055 1213 1186 1254 radios
1218 1211 1347 1252 osculi
1379 1211 1431 1251 ad

149 1282 237 1322 bina
273 1276 419 1331 puna-i
457 1277 648 1317 cort-elata
682 1286 721 1317 et
756 1278 924 1317 eundem
962 1275 1158 1328 angulum
1182 1284 1252 1316 etc.
1284 1276 1430 1330 Quum

149 1355 286 1385 autem
321 1340 385 1382 his
419 1343 712 1395 aequ-itionibus
745 1351 824 1382 tres
856 1343 1084 1394 incognitae
1120 1340 1274 1388 insint,
1316 1339 1433 1380 vide-

152 1420 263 1449 retur
294 1408 451 1447 easdem
499 1406 740 1461 problemati
793 1405 1052 1448 reloluendo·
1084 1418 1164 1446 non
1219 1404 1431 1454 sufficere,

153 1473 377 1513 notandum
415 1483 550 1511 tarnen
586 1472 637 1513 ell
659 1499 671 1520 ,
704 1473 838 1525 reapse
869 1472 976 1512 binas
1008 1469 1097 1512 heic
1130 1481 1340 1512 occurrere
1367 1480 1432 1509 ae-

154 1539 362 1589 quationes
385 1567 394 1581 ,
449 1548 621 1590 quarum
657 1536 781 1577 altera
817 1536 963 1578 exinde
1012 1535 1275 1585 desumitur,
1325 1531 1435 1587 quod

156 1602 205 1640 sit
228 1613 295 1645 ex,
329 1601 453 1642 cauffa
481 1602 516 1640 T
540 1599 631 1640 talis
650 1600 805 1641 funcstio
835 1599 959 1654 ipsius
998 1611 1020 1637 2
1044 1613 1072 1639 ω
1108 1612 1152 1641 ac
1185 1608 1201 1639 t
1221 1598 1276 1639 est
1312 1595 1435 1650 ipsius

159 1678 197 1704 ω.
281 1665 337 1704 Et
388 1664 415 1705 ss
465 1664 561 1705 haec
609 1664 793 1706 conditio
843 1665 883 1705 in
916 1663 1120 1705 calculum
1155 1662 1435 1704 introducatur

148 1729 335 1786 ’inueniri
386 1729 510 1780 potest
559 1730 745 1781 aequatio
770 1760 782 1779 ‚
832 1740 932 1783 quae
966 1739 1123 1782 praeter
1155 1726 1357 1779 angulum
1394 1737 1439 1774 ω,

161 1795 320 1833 micam
358 1800 518 1831 tantum
553 1793 787 1834 variabilem
824 1792 1018 1831 inuoluit.
1106 1791 1178 1831 Ad
1212 1790 1291 1830 hoc
1324 1799 1437 1829 com·

161 1855 407 1912 probandum
439 1853 736 1895 consideremus
769 1854 1047 1906 aequationem
1083 1853 1239 1894 lllustr.
1281 1851 1437 1892 Αιιᾶο-

161 1923 216 1962 ris
250 1920 281 1967 §.
324 1924 360 1960 8.
395 1930 471 1972 qua
504 1917 647 1960 relatio
691 1916 884 1960 definitur
936 1917 1042 1959 inter
1093 1916 1257 1959 resectas
1306 1913 1437 1956 rectae

161 1988 275 2027 datae
327 1995 378 2033 x,
431 1982 474 2024 X
524 1993 567 2024 et
615 1982 816 2037 angulum
864 1996 918 2034 ω,
948 1994 1050 2036 quae
1081 1982 1137 2023 ita
1171 1981 1228 2023 est
1259 1976 1438 2036 expressa

264 2065 398 2105 Xcol.
418 2054 608 2122 ω-Ξζ-ξ.
630 2060 714 2104 Sin.
733 2068 826 2110 w÷
845 2061 969 2104 xeos.
990 2075 1040 2112 ω,

164 2178 208 2211 et
257 2164 390 2220 pofito
440 2163 711 2217 xSin.0›:y
730 2192 742 2214 ,
796 2176 869 2208 nec
918 2174 1003 2205 non
1043 2158 1192 2208 xsin.
1214 2172 1356 2205 aaz:
1374 2157 1440 2210 Y,

233 2244 790 2289 Tom.XVI.Nou.Comm.
1037 2254 1060 2284 c
1396 2239 1441 2282 in
