1852 2730
194 1330 278 1367 Tnb.
308 1333 365 1369 Χῖ.

395 191 415 232 5
425 192 452 223 0
463 195 484 223 2
727 178 810 221 DE
860 177 1057 219 CORDE
1108 176 1335 221 LEONIS.

386 293 495 346 quod
550 293 772 347 agilitatem
824 290 937 332 illam
990 301 1031 332 et
1078 290 1285 332 leuitatem
1320 288 1501 344 corporis
1533 291 1661 333 confi-

388 359 565 400 dentiam
619 359 797 410 aliquam
847 359 888 396 in
941 358 1053 396 nobis
1104 359 1321 410 produtcre
1373 358 1659 407 experiamur.

394 426 528 463 immo
562 425 798 475 quandoque
831 421 1076 471 audaciam3
1127 422 1167 460 in
1205 421 1368 461 febribus
1403 422 1529 459 acutis
1564 433 1662 473 quo-

387 499 466 542 que
499 487 661 534 deliria,
694 486 846 526 furores
881 493 922 525 et
956 488 1067 538 saepe
1101 484 1346 526 immensum
1385 483 1504 525 robur
1525 496 1663 525 oriun-

390 561 456 593 tur
487 562 507 590 a
543 549 653 590 nulla
685 549 764 590 alia
801 549 943 598 causa,
978 548 1050 590 nisi
1087 562 1108 590 a
1144 550 1269 590 nimia
1302 548 1517 601 rapiditate
1545 577 1557 596 ,
1589 560 1663 602 qua

386 615 539 667 sanguis
574 615 613 653 in
650 623 781 668 partes
831 616 1042 667 corporis,
1097 615 1310 668 praecipue
1363 614 1404 653 in
1452 613 1662 654 cerebrum

389 677 639 732 impellitur.
707 678 818 720 Nam
855 680 1038 720 coercito
1071 679 1270 731 sanguinis
1306 678 1463 730 intpctu
1497 690 1568 730 per
1598 691 1664 719 ve·

386 756 460 786 nae
495 742 712 784 sectionem
736 769 749 795 ,
782 742 849 784 vel
881 744 1063 785 deriuato
1098 744 1384 784 tantummodo
1417 743 1606 794 sanguine
1644 754 1664 782 a

386 810 581 857 cerebro,
614 808 748 848 diliria
783 819 825 848 et
861 809 1012 850 furores
1047 807 1202 848 ctss‘ant.
1273 808 1496 848 Audaciam
1535 807 1665 860 itaque

387 871 548 921 leonis,
600 884 678 927 qua
733 884 814 912 non
868 874 1065 914 mediocri
1109 875 1288 924 gaudet,
1338 882 1376 910 et
1414 873 1667 912 ferocitatem

388 940 727 989 atrocitatemque
759 947 811 976 cx
849 946 960 988 parte
993 949 1013 977 a
1051 938 1171 978 celeri
1212 938 1286 977 hoc
1322 936 1525 988 fiinguinis
1574 946 1667 976 mo·

389 1011 432 1042 tu
471 1001 641 1055 pendere
682 1002 903 1050 existimo3
951 1012 990 1041 et
1042 1002 1309 1042 memorabile
1360 1000 1534 1039 omnino
1582 999 1665 1046 est,

388 1064 489 1117 ipsas
520 1063 744 1113 carotides,
792 1063 1002 1116 primarias
1037 1068 1200 1106 arterias
1239 1065 1424 1113 cerebri,
1478 1065 1572 1105 adeo
1607 1065 1670 1105 in·

390 1127 556 1181 figniter
589 1137 629 1169 et
665 1141 757 1182 prae
790 1127 880 1168 aliis
914 1130 1073 1170 arteriis
1106 1131 1288 1184 augustas
1317 1129 1404 1172 effe.

927 1317 1030 1367 Fi.
1098 1335 1126 1368 1.

450 1401 488 1429 a.
522 1385 559 1428 b.
594 1397 627 1427 c.
661 1383 698 1426 d.
731 1396 762 1425 e.
799 1332 1074 1427 pericardgfiim
1110 1387 1299 1439 sanguine
1333 1386 1565 1428 distentum.

455 1464 493 1495 a,
529 1450 685 1491 Vertex
722 1450 888 1491 inferior
919 1453 1091 1492 acutior.

453 1515 490 1558 b.
529 1516 680 1555 vertex
714 1516 895 1567 superior
928 1514 1117 1556 obtusior.

453 1593 486 1624 c.
517 1580 609 1621 Pars
643 1578 820 1620 anterior
841 1607 853 1628 ,
891 1579 1021 1619 sserno
1054 1576 1261 1627 contigua.

457 1642 496 1686 d.
534 1643 623 1685 Pars
658 1642 853 1694 posterior
876 1671 887 1691 ‚
921 1642 1114 1683 vertebris
1149 1638 1399 1682 incumbens.

454 1720 489 1754 e,
527 1706 748 1761 Appendix
789 1707 995 1761 pericardii
1021 1735 1032 1756 ,
1077 1717 1152 1760 qua
1191 1705 1325 1760 prima
1361 1712 1471 1745 aorta
1503 1711 1545 1744 et
1581 1712 1673 1758 pars

528 1784 532 1790 ’
586 1770 757 1811 arteriae
797 1771 1069 1812 innominatae
1105 1769 1387 1810 inuoluuntur.

445 1834 533 1891 fis.
570 1836 704 1888 Adeps
737 1837 805 1876 sub
839 1837 974 1878 tunica
1012 1834 1206 1876 exteriori
1246 1833 1334 1873 laxa
1367 1830 1570 1873 concitus,

454 1913 556 1956 g.g.
595 1899 828 1941 Membrana
864 1901 1024 1948 tenuis,
1069 1895 1322 1945 retitulariS,
1376 1908 1454 1952 qua
1492 1895 1672 1952 pericar-

585 1964 700 2004 dium
737 1962 1034 2017 diaphragmati
1066 1961 1302 2003 adnectitur.

457 2028 494 2070 h.
539 2027 701 2070 Arteria
737 2028 1003 2069 innominata.

461 2093 490 2135 ἱ.
527 2091 689 2133 Arteria
728 2089 919 2130 subclania
957 2092 1107 2130 dextra.

462 2157 498 2201 k.
533 2154 692 2198 carons
725 2161 878 2196 ucxtra.
912 2155 936 2194 l.
972 2153 1147 2195 Sinistra,

1507 2228 1555 2256 mi
1577 2214 1674 2257 Sub-
