1852 2730
416 201 513 241 490
754 187 837 229 DE
884 186 1083 230 CORDE
1137 186 1362 232 LEONIS.

415 302 450 340 ri
485 301 672 342 crassities
708 301 867 353 parietis
902 298 1118 342 ventriculi
1157 299 1300 341 sinistri
1338 301 1518 340 maxima
1541 334 1551 354 ,
1594 315 1693 357 quae

414 377 542 418 prope
583 364 686 404 bssslll
726 365 811 413 est,
846 364 1019 418 aequalis
1052 374 1136 404 erat
1177 368 1217 411 δὲ
1252 366 1324 405 lin.
1394 364 1441 405 Iu
1482 367 1691 418 posteriori

412 429 627 469 crassitiem
660 429 865 479 parietum
903 442 982 468 non
1021 429 1187 470 metitus
1237 430 1337 473 sum,
1426 427 1696 482 Proportione

413 492 525 534 illius
574 491 755 532 ctaffitiei
779 524 790 543 ‚
841 493 889 533 ad
940 493 1312 535 circumferentiam
1351 494 1482 535 cordis
1516 495 1660 536 relatae
1685 524 1697 545 ,

412 557 551 596 cadem
588 558 627 595 in
665 555 795 596 vitulo
829 560 876 607 6}
910 556 982 599 lin.
1017 559 1057 598 in
1094 557 1167 597 fele
1204 562 1248 606 2}
1285 557 1357 598 lin.
1402 559 1474 597 effe
1529 559 1699 600 deberet.

414 620 484 660 Est
537 620 577 659 in
635 619 770 661 vitulo
823 621 983 675 pollicis
1036 622 1163 663 totius
1213 622 1280 662 vel
1339 636 1393 662 12
1436 622 1509 662 lin.
1548 625 1588 663 in
1625 624 1699 666 fele

418 687 463 733 3}
500 682 574 725 lin.
640 683 752 726 Vnde
788 695 895 739 putet
917 717 928 737 ,
963 685 1029 726 vel
1063 687 1242 726 enormis
1275 687 1463 728 crassitiei
1503 687 1574 727 bos
1629 701 1703 741 pa-

414 748 533 789 rietes
583 749 912 789 ventricuiorum
966 750 1216 791 sinistrorum
1268 753 1399 792 cordis
1456 751 1627 792 vitulini
1659 762 1700 793 et

415 812 529 852 felini
564 812 748 853 dicendos
781 813 855 855 esse
876 846 886 865 ‚
937 815 1007 868 qui
1043 815 1196 868 quippe
1230 814 1357 869 duplo
1392 817 1470 856 fere
1519 816 1701 857 humano

416 875 618 918 crassiores
656 878 743 918 sunt
766 908 777 928 ,
830 878 896 918 vel
934 880 1047 920 valde
1085 889 1250 918 tenuem
1289 883 1514 935 putandum
1568 880 1694 920 illurn

418 940 459 980 in
492 941 611 981 corde
647 941 844 983 humano.
913 942 968 983 Et
1007 945 1227 985 secundum
1261 942 1360 986 hanc
1399 954 1564 984 tenuem
1602 956 1700 984 nor-

417 1015 530 1045 mam
580 1003 838 1055 humanam,
889 1008 959 1058 qui
1011 1006 1085 1046 effe
1129 1007 1287 1048 deberet
1322 1027 1350 1063 9
1385 1019 1424 1049 et
1457 1011 1538 1049 fere
1572 1014 1588 1058 ξ
1625 1009 1697 1051 lin.

414 1068 546 1122 paries
582 1069 802 1109 ventriculi
840 1069 983 1110 sinistri
1019 1071 1059 1109 in
1093 1071 1211 1111 corde
1249 1072 1406 1123 honis,
1461 1073 1529 1114 vbi
1569 1074 1700 1113 maxi-

416 1141 529 1171 mam
565 1132 781 1174 crassitiem
819 1132 966 1187 habet,
1019 1132 1175 1174 nonnisi
1214 1148 1235 1186 ς
1271 1136 1472 1178 linearum
1506 1137 1572 1178 est.
1654 1135 1698 1178 Si

417 1195 549 1246 igitur
580 1209 651 1237 cor
686 1197 817 1238 leonis
849 1209 946 1238 cum
982 1198 1163 1239 cordibus
1193 1199 1280 1239 felis
1311 1211 1351 1241 et
1400 1200 1527 1241 vituli
1579 1211 1699 1241 com-

415 1268 653 1311 pararetur,
691 1272 836 1313 parum
872 1260 1040 1308 abesset,
1077 1262 1175 1311 quin
1210 1272 1325 1311 caro,
1359 1275 1434 1313 qua
1471 1262 1566 1301 haec
1601 1262 1696 1301 effi-

414 1320 580 1360 ciuntur
602 1351 614 1370 ‚
650 1321 879 1377 quadruplo
910 1322 1068 1363 crassior
1103 1321 1151 1362 fit
1185 1321 1284 1370 iila,
1337 1335 1415 1376 qua
1449 1336 1517 1365 cor
1568 1323 1695 1364 leonis

417 1383 611 1427 efficitur.

192 1496 393 1535 Destmffl.
572 1483 687 1525 Vnde
722 1483 844 1538 paulo
879 1483 1030 1533 aliter,
1074 1495 1195 1537 quam
1234 1483 1272 1522 in
1310 1482 1472 1535 reliquis
1506 1480 1694 1520 animali-

192 1563 226 1584 τε
253 1549 363 1583 cordis
417 1544 487 1586 bus
526 1557 598 1587 cor
633 1548 760 1588 leonis
791 1548 1066 1590 constructum
1102 1558 1142 1588 et
1179 1556 1463 1599 comparatum
1505 1544 1580 1583 effe
1634 1544 1699 1584 vi-

193 1601 391 1645 generatim.
417 1608 545 1651 detur.
634 1610 675 1652 Si
730 1615 840 1653 enim
874 1611 1118 1663 singularem
1156 1610 1259 1650 hane
1291 1611 1528 1650 tenuitatem
1566 1607 1697 1661 patie-

421 1682 510 1714 tum
547 1675 678 1715 cordis
710 1686 749 1716 et
786 1677 913 1728 septi,
956 1685 996 1715 et
1034 1673 1255 1714 mollitiem
1277 1701 1288 1720 ,
1341 1674 1543 1726 simulque
1575 1682 1698 1712 enor-

421 1748 534 1778 mem
598 1741 922 1790 magnitudinem
977 1739 1302 1778 ventriculorum
1359 1736 1697 1784 consideraueris,

421 1813 492 1842 cor
549 1803 675 1843 lconis
727 1803 933 1855 marsupio
985 1800 1116 1842 {imile
1151 1802 1346 1848 videtur,
1392 1801 1501 1854 septo
1554 1801 1700 1847 tenui,

423 1864 541 1904 molli
569 1897 581 1915 ,
612 1867 884 1919 complicabili
918 1867 958 1905 in
993 1868 1086 1905 duas
1123 1875 1250 1917 partes
1283 1863 1428 1903 diuiso.
1495 1863 1569 1904 Sed
1589 1864 1694 1903 eius·

422 1929 536 1969 modi
590 1930 671 1971 idea
724 1931 897 1971 minime
947 1929 1135 1969 conuenit
1184 1927 1248 1967 vel
1283 1926 1466 1969 humano
1496 1928 1563 1968 vel
1597 1926 1694 1966 reli-

420 2003 596 2044 quorum
649 1995 892 2034 animalium
949 1993 1160 2039 cordibus,
1215 2003 1311 2042 quae
1346 2002 1536 2043 tauquam
1570 1991 1695 2032 durae

421 2056 643 2108 crassaeque
681 2059 823 2096 massae
856 2067 1017 2095 carucae
1052 2057 1188 2108 potius
1230 2053 1469 2095 considerari
1526 2055 1694 2104 debent,

422 2119 556 2171 paruis
578 2148 590 2170 ,
621 2129 698 2172 pro
734 2120 845 2161 mole
878 2120 1030 2169 carnis,
1062 2119 1295 2160 cauitatibus
1329 2119 1436 2158 intus
1470 2118 1693 2159 instructae.

1533 2211 1698 2264 Magni-
