1852 2730
427 181 514 226 348
838 174 950 216 DE
1018 172 1280 213 MOTV

420 289 603 344 perennis
637 287 709 327 esse
743 287 930 336 deberet3
985 286 1090 338 quod
1131 297 1209 324 non
1247 285 1380 325 solum
1415 287 1462 328 de
1497 287 1560 329 his
1593 289 1697 331 tubis

418 357 608 407 *tritique
652 351 791 393 clausis
826 352 887 393 scd
921 349 1046 389 etiam
1082 348 1247 402 reliquis
1291 350 1481 390 omnibus
1532 354 1584 394 est
1637 357 1697 395 in-

420 420 701 469 telligendum,
739 416 1119 469 Qtiomo.iociiiique
1157 423 1294 454 autem
1333 413 1429 454 hacc
1465 427 1602 456 motus
1631 421 1696 459 de-

417 483 596 524 bilitatio
628 483 676 521 sib
712 479 795 519 tubi
833 479 1049 518 materiam
1083 480 1245 520 eueniat
1280 479 1369 519 inde
1403 489 1536 519 tamen
1577 482 1700 520 dura·

418 548 477 587 tio
511 543 763 596 singularum
803 542 1099 583 oicillatiouum
1137 556 1216 584 non
1259 543 1472 593 afficitur,
1520 555 1699 597 quarum

418 620 602 661 tempora
637 619 736 648 cum
782 607 940 648 calculo
994 609 1151 661 semper
1202 610 1425 650 consentire
1475 608 1701 662 deprehen-

415 675 568 713 duntur
601 672 672 713 etsi
708 673 758 714 ob
793 671 907 712 illam
944 671 1101 712 causam
1125 682 1260 713 motus
1281 673 1581 714 oscillationum
1600 685 1701 716 con·

417 740 536 779 tinuo
569 739 830 789 debilitetur,
862 745 902 777 et
941 747 1043 778 mox
1076 740 1237 790 prorsus
1269 739 1551 790 extinguatur.

785 845 1195 907 Schosson
1284 868 1330 910 2

570 947 644 986 75.
681 938 922 994 Quanquam
959 950 1097 980 autem
1150 941 1191 979 in
1246 937 1309 978 his
1368 937 1467 978 tubis
1519 936 1698 990 singulae

415 1000 686 1043 oscillationes
723 1005 840 1043 cerm
866 1004 1122 1056 temporibus
1156 1002 1417 1044 absoluuntur
1439 1034 1450 1052 ‚
1501 1014 1618 1057 atque
1655 1006 1697 1044 in

415 1069 557 1108 eodem
598 1068 693 1107 tubo
729 1067 810 1106 soni
850 1068 1009 1107 ratione
1045 1068 1256 1118 grauitatis
1277 1077 1316 1106 et
1335 1068 1534 1107 acuminis
1553 1069 1699 1109 discre-

413 1142 510 1183 pare
549 1143 627 1170 non
667 1132 823 1184 potiuut
858 1139 995 1170 tamen
1051 1133 1093 1172 in
1146 1132 1195 1172 iis
1244 1133 1401 1172 ratione
1447 1130 1695 1186 reliquarum

414 1196 665 1248 qualitatum
703 1197 937 1235 maximum
971 1196 1182 1236 discrimen
1219 1197 1335 1236 inesse
1370 1197 1527 1249 potest,
1576 1208 1596 1235 a
1632 1196 1697 1235 di·

415 1261 525 1299 verti}
562 1259 695 1298 indole
732 1260 924 1310 pulsuum
954 1259 1000 1297 in
1035 1272 1122 1299 nere
1154 1260 1433 1299 excitatorum
1455 1260 1694 1297 oriundum.

413 1321 524 1362 Cum
560 1323 675 1361 enim
709 1333 776 1359 aer
816 1322 856 1360 in
902 1319 1136 1360 huiusmodi
1190 1322 1292 1361 tubis
1343 1319 1512 1359 infinitis
1564 1322 1696 1360 modis

413 1386 461 1425 de
484 1386 579 1425 statu
602 1382 830 1438 aequilibrii
866 1384 1067 1424 deturbari
1101 1383 1231 1435 poffit,
1264 1385 1361 1424 dum
1398 1383 1464 1423 vel
1498 1384 1574 1424 sola
1596 1385 1698 1423 deu·

413 1449 507 1489 fitzis
543 1449 581 1489 in
618 1447 785 1499 singulis
818 1448 922 1487 aeris
971 1447 1187 1487 elementis
1241 1447 1435 1486 alteratur
1464 1477 1476 1495 ‚
1527 1446 1592 1485 vel
1644 1447 1694 1486 iis

415 1523 581 1554 tantum
620 1523 755 1553 motus
787 1511 953 1565 quidam
990 1512 1209 1559 inducitur,
1243 1509 1309 1549 vel
1330 1518 1553 1560 vtrumque
1574 1509 1697 1548 fimul

413 1579 552 1618 euenit
574 1609 585 1627 ‚
620 1577 715 1618 hinc
752 1577 931 1616 maxima
964 1574 1170 1614 diuersitas
1206 1574 1246 1612 in
1280 1582 1398 1612 motu
1442 1570 1693 1622 singularum

414 1641 712 1681 oscillationum
746 1642 849 1680 oriri
883 1639 1064 1691 poterit,
1116 1637 1222 1677 vnde
1278 1636 1436 1676 mirum
1490 1636 1694 1677 videbitur

413 1706 521 1757 quod
557 1707 693 1747 eadem
735 1705 827 1744 tibia
865 1701 1006 1743 inflata
1041 1701 1182 1743 sonum
1220 1703 1378 1754 semper
1410 1701 1591 1741 eiusdem
1628 1700 1695 1741 in-

413 1769 479 1810 dol
502 1782 518 1809 s
550 1770 669 1820 cdat3
706 1782 784 1809 non
821 1766 967 1822 loquor
1000 1776 1134 1808 autem
1169 1765 1238 1805 hic
1272 1766 1319 1806 de
1350 1765 1558 1816 grauitate,
1591 1776 1692 1816 quae

414 1834 572 1875 nullam
610 1835 877 1875 variationem
920 1833 1110 1884 patitur,
1160 1830 1221 1869 sed
1273 1830 1320 1868 de
1373 1841 1416 1868 ea
1466 1827 1692 1880 qualitate,

414 1911 491 1951 qua
529 1900 642 1939 sonos
681 1899 868 1938 tibiarum
905 1908 924 1936 a
958 1895 1061 1936 sonis
1096 1894 1307 1934 cordarum
1342 1893 1592 1941 aliorumque
1631 1891 1693 1930 in-

415 1963 738 2002 strumentorum
773 1960 1072 2011 distinguimus.
1156 1956 1263 2010 Quia
1297 1967 1432 1994 autem
1471 1956 1590 1995 tibiae
1627 1956 1693 1995 in-

413 2025 578 2065 flatione
609 2028 654 2066 nd
691 2027 804 2066 sonos
837 2020 1005 2064 edendos·
1037 2021 1298 2068 excitantur,
1351 2019 1462 2058 facile
1499 2017 1693 2070 intelligi-

410 2097 494 2136 tur,
537 2089 629 2127 hinc
663 2089 797 2128 ambas
831 2087 945 2126 scalas
979 2085 1218 2126 derisit-„itum
1255 2093 1295 2121 ct
1329 2083 1582 2123 celeritntum
1608 2096 1689 2124 non

415 2154 456 2193 iu
494 2151 708 2194 infinitum
746 2153 896 2192 variari
929 2150 1046 2204 posse,
1082 2148 1140 2189 scd
1176 2149 1333 2200 semper
1368 2147 1414 2186 ab
1438 2148 1527 2187 ae'rc
1550 2147 1688 2187 inflato

1603 2221 1690 2253 tam
