1852 2730
355 215 444 260 DE
497 214 1124 259 HERMAPHRODITO.
1292 231 1381 272 527

98 330 234 374 ereeto
266 331 464 371 anteriora
501 330 724 383 speetabant
759 339 798 370 et
830 331 878 371 ad
914 331 1036 372 latera
1071 330 1256 385 disposita
1317 334 1389 373 vi-

102 398 308 438 debantur.
392 396 466 434 Hic
503 396 790 435 testiculorum
828 394 1001 436 lateralis
1039 395 1132 435 situs
1166 398 1383 437 aberrantis

100 473 261 515 quoque
299 459 478 500 Naturae
521 461 754 502 industriam
811 461 1136 510 commonstrat3
1187 461 1216 501 fi
1267 462 1382 501 enim

101 528 280 567 scrotum
315 524 470 565 laecum
507 526 552 563 ad
601 523 936 578 perpendiculum
989 525 1284 577 dependentem
1344 534 1386 566 et

105 590 346 631 continuum
397 588 594 627 formaret
625 618 636 637 ‚
698 589 915 628 subiaceret
967 590 1143 629 omnino
1195 589 1384 632 effluenti

104 655 244 697 vrinae
267 681 278 703 ‚
312 661 352 693 et
385 652 430 692 ab
467 650 590 706 ipsius
624 652 849 693 acrimonia
882 654 1151 696 arroderetur.

257 780 470 824 Praemffa
521 780 595 822 hac
645 781 843 823 succineta
898 783 1078 836 partium
1133 782 1388 825 naturalium

106 849 356 888 enarratione
391 859 468 886 non
503 846 762 887 incommode
783 878 794 898 ,
828 856 874 886 vt
916 846 1021 886 mihi
1055 847 1235 899 videtur,
1272 850 1387 899 tangi

105 912 231 965 potest
266 911 337 952 illa
373 910 580 952 multoties
613 912 761 963 agitata
796 909 1140 964 Philosophorum
1177 911 1357 965 quaestio
1378 942 1392 962 ‚

104 976 202 1016 vnde
231 975 440 1030 primordia
475 977 554 1016 noui
595 975 767 1016 animalis
794 977 1014 1029 proueniant
1042 972 1057 1015 ζ
1107 987 1193 1016 num
1224 974 1304 1027 scil.
1339 975 1390 1018 ab

104 1049 265 1092 rutroque
294 1036 488 1092 parente?
524 1052 573 1080 cm
605 1041 725 1081 omnia
762 1039 818 1078 ad
843 1048 1021 1094 patrem,
1055 1051 1105 1078 an
1138 1039 1193 1078 ad
1223 1049 1390 1081 matrem

108 1103 302 1155 referenda
326 1101 341 1144 ζ
381 1105 516 1144 Ardua
551 1105 637 1145 sane
666 1103 760 1144 haec
787 1104 841 1143 est
861 1103 1051 1157 quaestio,
1081 1112 1122 1142 et
1143 1115 1191 1142 an
1211 1114 1385 1156 vsquam

103 1167 259 1221 liquido
292 1169 551 1210 demonstrari
587 1168 707 1221 possit
740 1168 912 1218 dubito;
959 1167 1148 1220 quamuis
1198 1179 1278 1206 non
1335 1167 1398 1208 est‘

108 1233 372 1274 inficiendum
411 1233 650 1284 probabilius
699 1233 826 1272 videri
883 1232 1098 1271 veritatem
1133 1242 1154 1269 a
1207 1230 1391 1282 partibus

105 1299 251 1350 prioris
284 1297 408 1335 stare:
460 1292 620 1333 nullum
657 1296 770 1334 enim
821 1294 973 1334 animal
1026 1292 1249 1346 perfestum
1306 1292 1391 1333 sine

103 1360 313 1413 Vtriusque
356 1359 468 1399 sexus
517 1360 769 1399 commercio
808 1357 1089 1410 productum,
1139 1366 1181 1396 et
1232 1357 1391 1409 semper

102 1425 258 1466 foetum
291 1434 391 1462 mox
428 1422 548 1475 patri,
587 1433 686 1462 mox
720 1422 861 1471 matri,
900 1433 998 1461 mox
1031 1420 1198 1473 vtrique
1230 1419 1391 1473 parenti

106 1487 287 1527 similem
339 1497 596 1539 procreatum
653 1487 830 1536 constat3
881 1486 1177 1539 perpendamus
1217 1485 1390 1525 interim

106 1559 146 1590 et
178 1548 428 1601 reliquarum
461 1551 751 1591 sententiarum
805 1551 1005 1603 quaedam
1056 1550 1244 1602 pondera.
1320 1548 1392 1589 Ex

111 1613 184 1653 illo
219 1622 436 1663 tempore,
472 1625 556 1663 quo
592 1611 813 1654 vermiculi
856 1611 1063 1652 seminales
1116 1625 1188 1666 per
1238 1612 1394 1653 micro-

110 1677 340 1728 lcopiorum
379 1674 532 1716 auxilia
567 1677 607 1715 in
652 1677 805 1715 semine
849 1674 1028 1715 masculo
1083 1675 1390 1727 innotuerunt,

112 1740 251 1782 omnia
290 1740 336 1780 ad
389 1750 545 1792 patrem
600 1741 902 1790 referebantur3
951 1739 1012 1779 sed
1054 1737 1229 1792 lepidam
1283 1739 1390 1781 hanc

110 1805 430 1847 obseruationem
478 1804 843 1853 vermiculorum,
893 1812 934 1843 et
982 1803 1126 1846 exinde
1175 1803 1392 1845 deductam

109 1869 344 1910 sententiam
367 1897 379 1915 ‚
416 1866 558 1908 multis
589 1867 840 1920 argumentis
874 1869 1051 1907 euersam
1098 1867 1171 1909 effe
1225 1868 1391 1910 aliunde

111 1934 275 1974 constat.
339 1931 422 1986 Qui
458 1943 561 1972 vero
597 1932 928 1984 praerogatiuam
986 1931 1086 1972 hanc
1137 1931 1208 1973 soli
1262 1932 1390 1973 matri

117 1999 300 2038 tribuunt
333 1996 566 2037 sententiam
603 2000 712 2037 suam
749 2006 1011 2051 propugnant
1047 1996 1289 2050 praeprimis
1308 1998 1387 2038 istis

114 2063 277 2102 viarum
328 2061 552 2113 angustiis,
601 2075 703 2115 quae
754 2062 800 2101 ab
842 2071 960 2102 vtero
1011 2073 1083 2115 per
1134 2061 1246 2101 tubas
1291 2059 1392 2103 fallo

113 2126 248 2180 pianas
278 2126 324 2166 ad
359 2127 497 2166 ouaria
532 2128 701 2173 ducunt,
733 2135 773 2166 et
807 2137 876 2178 per
909 2135 1004 2178 quas
1038 2128 1171 2166 semen
1201 2124 1393 2166 masculi-

115 2201 215 2230 num
270 2198 412 2246 vtpote
460 2190 630 2246 pigrum
664 2191 872 2248 peruenire
924 2188 1033 2232 haud
1083 2188 1206 2232 valet.
1291 2190 1393 2233 Non

1250 2262 1393 2296 minu!
