1852 2730
632 186 750 246 ’ωὲῡῖἓ
783 188 797 248 (
825 205 852 235 0
885 195 900 243 )
933 194 1050 244 3-5030·
1407 203 1463 244 43

186 309 267 352 tine
301 306 525 361 naturalis,
575 307 645 361 qui
681 308 829 362 quippe
864 306 906 347 in
952 305 1175 348 condendis
1219 303 1469 347 animalium

187 374 479 418 characteribus
528 384 819 426 nonnunquam
868 373 992 412 ctiam
1046 370 1234 412 interiori
1291 371 1471 425 partium

184 443 507 479 conformatione
559 447 764 487 vturttur3
816 445 935 489 atque
988 436 1029 476 in
1080 434 1191 477 hunc
1227 434 1352 475 finem
1391 436 1473 476 im-

187 503 335 556 primis
388 501 460 540 hne
511 501 799 553 descriptiones
856 501 1045 542 inseruire
1105 499 1210 555 posse
1271 499 1471 540 videntur.

187 567 320 616 Hepar
361 567 550 618 primum
585 564 863 605 consideratur.
932 565 1087 614 Agitur
1120 567 1167 605 de
1201 565 1284 606 eius
1316 563 1474 617 colore,

185 629 314 678 figura
341 659 352 678 ,
385 626 584 669 diuisione
620 629 660 667 in
695 628 910 667 duodecim
948 627 1059 668 lobos
1083 657 1095 678 ‚
1129 630 1200 681 qui
1235 641 1381 670 omnes
1417 630 1472 669 se-

181 694 361 732 cundum
397 693 571 744 figuram
595 719 605 739 ,
654 703 754 744 quae
789 689 956 742 singulis
989 691 1144 730 diuersa
1178 703 1218 732 et
1269 692 1471 744 irregula-

181 759 237 799 ris
269 757 355 805 est,
390 757 550 811 prolixe
585 756 874 796 describuntur.
940 751 1161 795 Caeterum
1201 753 1304 807 nihil
1341 757 1381 794 in
1406 757 1469 797 his

179 822 394 871 occurrit,
446 821 553 874 quod
587 821 622 860 se
659 820 881 872 distingunt
903 848 914 868 ‚
960 816 1028 858 vel
1059 819 1166 870 quod
1201 817 1372 858 notabile
1408 818 1470 860 sit.

164 885 393 927 -Veficulae
428 886 562 926 felleae
596 886 737 926 deinde
768 895 808 925 ct
845 882 990 924 duc‘ius
1023 883 1157 934 cystici
1193 883 1352 924 mentio
1387 882 1468 932 fit,

180 950 222 990 in
257 951 400 1003 quibus
435 946 539 991 nihil
574 950 725 990 insoliti
759 949 826 990 est.
919 946 1152 1002 Oesoph'ngi
1211 960 1299 1001 pars
1352 949 1470 1000 prior

178 1015 288 1055 intus
321 1016 456 1067 glabra
479 1040 491 1064 ,
550 1026 594 1054 ea
629 1025 764 1055 autem
792 1044 804 1063 ‚
852 1024 953 1066 quae
988 1013 1159 1066 propior
1201 1012 1470 1062 ventriculo,

177 1079 344 1133 papillis
379 1081 419 1120 in
459 1077 667 1132 superficie
706 1078 895 1119 interiori
926 1076 1053 1117 obsita
1097 1078 1159 1118 est.
1244 1076 1468 1118 Ventricu-

179 1145 242 1185 lus
276 1143 356 1195 ipse
392 1143 520 1194 figura
557 1153 702 1182 ouatus
723 1174 734 1193 ,
769 1152 975 1183 caeterum
1012 1143 1225 1189 carnosu5‚
1255 1143 1399 1181 erastus
1429 1152 1470 1182 et

175 1209 303 1248 durus
336 1207 389 1247 est
425 1217 466 1247 et
498 1208 732 1247 ventriculo
773 1208 915 1245 auium
952 1205 1271 1257 graniuorarum
1310 1205 1466 1247 similis.

176 1271 431 1313 Duodenum
470 1282 605 1321 teres,
657 1271 797 1311 itidem
842 1272 1006 1312 durum.
1091 1267 1282 1309 Pancreas
1335 1269 1467 1321 figura

178 1337 389 1375 reniformi
442 1337 624 1387 gaudet,
674 1336 863 1387 idemque
916 1332 1128 1374 diffedium
1181 1333 1304 1373 etiam
1358 1334 1465 1375 intus

174 1401 411 1441 struc'iumm
451 1400 647 1440 monstrat
682 1412 827 1439 renum
883 1397 1102 1440 strueturae
1157 1399 1463 1449 quodammodo

172 1464 360 1507 similem.
431 1464 654 1505 Substantia
691 1464 840 1505 {cilicet
877 1463 1072 1504 exteriori
1108 1461 1290 1502 corticali
1324 1464 1462 1504 durio-

175 1531 242 1579 ri,
293 1530 505 1581 coloreque
555 1528 732 1568 dislindin
785 1539 825 1567 et
860 1528 1044 1569 interiori
1085 1526 1268 1567 molliori
1305 1529 1462 1580 praedi-

177 1602 263 1633 tum
299 1597 351 1635 est
377 1623 388 1642 ‚
456 1593 606 1646 illaque
642 1592 832 1634 radiatim
869 1592 980 1643 queis]
1015 1602 1069 1631 ex
1102 1591 1331 1645 peripheria
1369 1605 1462 1633 ver-

173 1659 236 1696 sus
289 1669 474 1697 centrum
532 1658 784 1711 producitur.
868 1657 943 1697 His
991 1656 1190 1695 viscerum
1228 1657 1458 1697 abdomina-

173 1720 281 1760 lium
344 1721 672 1775 descriptionibus
733 1720 886 1773 figuras
941 1720 1078 1761 cordis
1129 1719 1239 1762 Clar.
1294 1721 1457 1762 Austor-

169 1785 369 1825 adiunxit.

790 2236 814 2276 f
838 2247 864 2276 2
1355 2230 1437 2277 111.
