<?xml version="1.0" encoding="UTF-8"?>
<!DOCTYPE html PUBLIC "-//W3C//DTD XHTML 1.0 Transitional//EN"
    "http://www.w3.org/TR/xhtml1/DTD/xhtml1-transitional.dtd">
<html xmlns="http://www.w3.org/1999/xhtml" xml:lang="en" lang="en">
 <head>
  <title>
</title>
<meta http-equiv="Content-Type" content="text/html;charset=utf-8" />
  <meta name='ocr-system' content='tesseract 3.04.00' />
  <meta name='ocr-capabilities' content='ocr_page ocr_carea ocr_par ocr_line ocrx_word'/>
</head>
<body>
  <div class='ocr_page' id='page_1' title='image "./novicommentariac16impe_0594.png"; bbox 0 0 1852 2730; ppageno 0'>
   <div class='ocr_carea' id='block_1_1' title="bbox 452 188 1531 249">
    <p class='ocr_par' dir='ltr' id='par_1_1' title="bbox 452 188 1531 249">
     <span class='ocr_line' id='line_1_1' title="bbox 452 188 1531 249; baseline 0.006 -11"><span class='ocrx_word' id='word_1_1' title='bbox 452 207 546 249; x_wconf 57' lang='lat'>524</span> <span class='ocrx_word' id='word_1_2' title='bbox 652 193 836 238; x_wconf 82' lang='lat' dir='ltr'>ANAT.</span> <span class='ocrx_word' id='word_1_3' title='bbox 870 188 1531 244; x_wconf 77' lang='lat' dir='ltr'>AC1PENSER.·RVTHEN1.</span> 
     </span>
    </p>
   </div>
   <div class='ocr_carea' id='block_1_2' title="bbox 483 305 1722 933">
    <p class='ocr_par' dir='ltr' id='par_1_2' title="bbox 561 305 1720 368">
     <span class='ocr_line' id='line_1_2' title="bbox 561 305 1720 368; baseline 0.003 -16"><span class='ocrx_word' id='word_1_4' title='bbox 561 311 617 353; x_wconf 87' lang='lat' dir='ltr'>H.</span> <span class='ocrx_word' id='word_1_5' title='bbox 655 309 838 352; x_wconf 77' lang='lat' dir='ltr'>Lobulus</span> <span class='ocrx_word' id='word_1_6' title='bbox 871 309 983 351; x_wconf 85' lang='lat' dir='ltr'>bulbi</span> <span class='ocrx_word' id='word_1_7' title='bbox 1015 317 1151 350; x_wconf 74' lang='lat' dir='ltr'>nortae</span> <span class='ocrx_word' id='word_1_8' title='bbox 1183 309 1320 352; x_wconf 84' lang='lat' dir='ltr'>minor</span> <span class='ocrx_word' id='word_1_9' title='bbox 1353 305 1452 364; x_wconf 78' lang='lat' dir='ltr'>(vid.</span> <span class='ocrx_word' id='word_1_10' title='bbox 1473 310 1562 362; x_wconf 83' lang='lat' dir='ltr'>Fig.</span> <span class='ocrx_word' id='word_1_11' title='bbox 1590 324 1625 352; x_wconf 77' lang='grc' dir='ltr'>ι.</span> <span class='ocrx_word' id='word_1_12' title='bbox 1646 312 1720 368; x_wconf 75' lang='grc' dir='ltr'>β).</span> 
     </span>
    </p>

    <p class='ocr_par' dir='ltr' id='par_1_3' title="bbox 558 373 1722 555">
     <span class='ocr_line' id='line_1_3' title="bbox 558 373 1722 429; baseline 0.003 -14"><span class='ocrx_word' id='word_1_13' title='bbox 558 378 592 418; x_wconf 92' lang='grc' dir='ltr'>Ι.</span> <span class='ocrx_word' id='word_1_14' title='bbox 614 373 916 417; x_wconf 70' lang='lat' dir='ltr'>&#39;Valuularum</span> <span class='ocrx_word' id='word_1_15' title='bbox 951 384 1125 428; x_wconf 81' lang='lat' dir='ltr'>quatuor</span> <span class='ocrx_word' id='word_1_16' title='bbox 1150 405 1162 428; x_wconf 92' lang='lat'>‚</span> <span class='ocrx_word' id='word_1_17' title='bbox 1196 376 1435 429; x_wconf 85' lang='lat' dir='ltr'>primaeque</span> <span class='ocrx_word' id='word_1_18' title='bbox 1469 375 1722 428; x_wconf 86' lang='lat' dir='ltr'>magnitudi-</span> 
     </span>
     <span class='ocr_line' id='line_1_4' title="bbox 627 438 1721 490; baseline 0.003 -9"><span class='ocrx_word' id='word_1_19' title='bbox 627 442 720 490; x_wconf 78' lang='lat' dir='ltr'>nis,</span> <span class='ocrx_word' id='word_1_20' title='bbox 758 440 805 481; x_wconf 83' lang='lat' dir='ltr'>ad</span> <span class='ocrx_word' id='word_1_21' title='bbox 839 439 944 480; x_wconf 86' lang='lat' dir='ltr'>bulbi</span> <span class='ocrx_word' id='word_1_22' title='bbox 979 439 1240 480; x_wconf 77' lang='lat' dir='ltr'>insertionem</span> <span class='ocrx_word' id='word_1_23' title='bbox 1291 438 1373 482; x_wconf 82' lang='lat' dir='ltr'>fiue</span> <span class='ocrx_word' id='word_1_24' title='bbox 1423 438 1528 482; x_wconf 85' lang='lat' dir='ltr'>bafin</span> <span class='ocrx_word' id='word_1_25' title='bbox 1581 449 1721 484; x_wconf 85' lang='lat' dir='ltr'>occur-</span> 
     </span>
     <span class='ocr_line' id='line_1_5' title="bbox 631 503 1195 555; baseline 0 -10"><span class='ocrx_word' id='word_1_26' title='bbox 631 504 813 545; x_wconf 78' lang='lat' dir='ltr'>rentium</span> <span class='ocrx_word' id='word_1_27' title='bbox 838 534 854 555; x_wconf 77' lang='lat'><strong>,</strong></span> <span class='ocrx_word' id='word_1_28' title='bbox 884 503 1027 545; x_wconf 78' lang='lat' dir='ltr'>infima</span> <span class='ocrx_word' id='word_1_29' title='bbox 1065 504 1195 545; x_wconf 81' lang='lat' dir='ltr'>series.</span> 
     </span>
    </p>

    <p class='ocr_par' dir='ltr' id='par_1_4' title="bbox 553 567 1719 675">
     <span class='ocr_line' id='line_1_6' title="bbox 553 567 1719 624; baseline 0.002 -15"><span class='ocrx_word' id='word_1_30' title='bbox 553 567 603 610; x_wconf 88' lang='lat' dir='ltr'>K.</span> <span class='ocrx_word' id='word_1_31' title='bbox 643 567 915 610; x_wconf 74' lang='lat' dir='ltr'>Valuularum</span> <span class='ocrx_word' id='word_1_32' title='bbox 947 579 1156 624; x_wconf 82' lang='lat' dir='ltr'>quatuor,</span> <span class='ocrx_word' id='word_1_33' title='bbox 1188 567 1380 610; x_wconf 79' lang='lat' dir='ltr'>secundae</span> <span class='ocrx_word' id='word_1_34' title='bbox 1412 567 1719 622; x_wconf 79' lang='lat' dir='ltr'>magnitudinis,</span> 
     </span>
     <span class='ocr_line' id='line_1_7' title="bbox 630 633 919 675; baseline 0.007 -3"><span class='ocrx_word' id='word_1_35' title='bbox 630 633 764 674; x_wconf 77' lang='lat' dir='ltr'>media</span> <span class='ocrx_word' id='word_1_36' title='bbox 796 635 919 675; x_wconf 79' lang='lat' dir='ltr'>series,</span> 
     </span>
    </p>

    <p class='ocr_par' dir='ltr' id='par_1_5' title="bbox 548 694 1714 818">
     <span class='ocr_line' id='line_1_8' title="bbox 548 694 1714 753; baseline 0.002 -16"><span class='ocrx_word' id='word_1_37' title='bbox 548 694 598 738; x_wconf 89' lang='lat' dir='ltr'>L.</span> <span class='ocrx_word' id='word_1_38' title='bbox 634 696 906 739; x_wconf 80' lang='lat' dir='ltr'>Valuularum</span> <span class='ocrx_word' id='word_1_39' title='bbox 942 697 1156 753; x_wconf 75' lang='lat' dir='ltr'>quinque·⁷</span> <span class='ocrx_word' id='word_1_40' title='bbox 1211 698 1354 739; x_wconf 73' lang='lat' dir='ltr'>tertiae</span> <span class='ocrx_word' id='word_1_41' title='bbox 1389 697 1714 751; x_wconf 74' lang='lat' dir='ltr'>magnitudinis,</span> 
     </span>
     <span class='ocr_line' id='line_1_9' title="bbox 624 753 1562 818; baseline -0.001 -15"><span class='ocrx_word' id='word_1_42' title='bbox 624 761 683 804; x_wconf 87' lang='grc' dir='ltr'>Μ.</span> <span class='ocrx_word' id='word_1_43' title='bbox 719 760 840 803; x_wconf 87' lang='lat' dir='ltr'>Bulbi</span> <span class='ocrx_word' id='word_1_44' title='bbox 876 753 1026 818; x_wconf 64' lang='lat' dir='ltr'>stortae*</span> <span class='ocrx_word' id='word_1_45' title='bbox 1043 763 1157 803; x_wconf 76' lang='lat' dir='ltr'>facies</span> <span class='ocrx_word' id='word_1_46' title='bbox 1193 762 1391 813; x_wconf 80' lang='lat' dir='ltr'>interior,</span> <span class='ocrx_word' id='word_1_47' title='bbox 1424 761 1562 803; x_wconf 82' lang='lat' dir='ltr'>laeuis.</span> 
     </span>
    </p>

    <p class='ocr_par' dir='ltr' id='par_1_6' title="bbox 483 816 1707 933">
     <span class='ocr_line' id='line_1_10' title="bbox 483 816 1707 880; baseline 0.005 -15"><span class='ocrx_word' id='word_1_48' title='bbox 483 834 485 836; x_wconf 87' lang='grc'><strong><em>·</em></strong></span> <span class='ocrx_word' id='word_1_49' title='bbox 547 822 603 866; x_wconf 90' lang='lat' dir='ltr'>N.</span> <span class='ocrx_word' id='word_1_50' title='bbox 642 825 845 868; x_wconf 75' lang='lat' dir='ltr'>varnulae</span> <span class='ocrx_word' id='word_1_51' title='bbox 880 836 958 867; x_wconf 87' lang='lat' dir='ltr'>tres</span> <span class='ocrx_word' id='word_1_52' title='bbox 991 816 1276 880; x_wconf 79' lang='lat' dir='ltr'>semilunares‚</span> <span class='ocrx_word' id='word_1_53' title='bbox 1308 829 1354 870; x_wconf 80' lang='lat' dir='ltr'>ad</span> <span class='ocrx_word' id='word_1_54' title='bbox 1375 837 1508 868; x_wconf 73' lang='lat' dir='ltr'>nortae</span> <span class='ocrx_word' id='word_1_55' title='bbox 1527 826 1707 871; x_wconf 77' lang='lat' dir='ltr'>initium.</span> 
     </span>
     <span class='ocr_line' id='line_1_11' title="bbox 546 884 1162 933; baseline -0.002 -2"><span class='ocrx_word' id='word_1_56' title='bbox 546 889 598 933; x_wconf 92' lang='grc' dir='ltr'>Ο.</span> <span class='ocrx_word' id='word_1_57' title='bbox 635 892 794 932; x_wconf 80' lang='lat' dir='ltr'>Aortae</span> <span class='ocrx_word' id='word_1_58' title='bbox 827 884 947 933; x_wconf 78' lang='lat' dir='ltr'>facies</span> <span class='ocrx_word' id='word_1_59' title='bbox 978 892 1162 933; x_wconf 85' lang='lat' dir='ltr'>interior.</span> 
     </span>
    </p>
   </div>
   <div class='ocr_carea' id='block_1_3' title="bbox 619 985 1710 1538">
    <p class='ocr_par' dir='ltr' id='par_1_7' title="bbox 619 985 1710 1538">
     <span class='ocr_line' id='line_1_12' title="bbox 619 985 1710 1040; baseline 0 -10"><span class='ocrx_word' id='word_1_60' title='bbox 619 985 709 1040; x_wconf 59' lang='grc' dir='ltr'>ΟΜ.</span> <span class='ocrx_word' id='word_1_61' title='bbox 748 987 816 1028; x_wconf 87' lang='lat' dir='ltr'>Ex</span> <span class='ocrx_word' id='word_1_62' title='bbox 849 995 1042 1040; x_wconf 79' lang='lat' dir='ltr'>apparatu</span> <span class='ocrx_word' id='word_1_63' title='bbox 1078 986 1269 1028; x_wconf 88' lang='lat' dir='ltr'>omnium</span> <span class='ocrx_word' id='word_1_64' title='bbox 1321 986 1471 1029; x_wconf 75' lang='lat' dir='ltr'>harum</span> <span class='ocrx_word' id='word_1_65' title='bbox 1521 985 1710 1030; x_wconf 64' lang='lat' dir='ltr'>vaxuura-</span> 
     </span>
     <span class='ocr_line' id='line_1_13' title="bbox 680 1048 1709 1106; baseline 0.005 -16"><span class='ocrx_word' id='word_1_66' title='bbox 680 1061 778 1090; x_wconf 77' lang='lat' dir='ltr'>rum</span> <span class='ocrx_word' id='word_1_67' title='bbox 815 1060 899 1092; x_wconf 79' lang='lat' dir='ltr'>tam</span> <span class='ocrx_word' id='word_1_68' title='bbox 934 1048 1158 1102; x_wconf 70' lang='lat' dir='ltr'>singulari,</span> <span class='ocrx_word' id='word_1_69' title='bbox 1205 1064 1329 1106; x_wconf 82' lang='lat' dir='ltr'>quam</span> <span class='ocrx_word' id='word_1_70' title='bbox 1364 1051 1581 1094; x_wconf 79' lang='lat' dir='ltr'>artificioso</span> <span class='ocrx_word' id='word_1_71' title='bbox 1616 1054 1709 1095; x_wconf 84' lang='lat' dir='ltr'>eui·</span> 
     </span>
     <span class='ocr_line' id='line_1_14' title="bbox 679 1115 1708 1170; baseline 0.004 -14"><span class='ocrx_word' id='word_1_72' title='bbox 679 1115 825 1156; x_wconf 88' lang='lat' dir='ltr'>denter</span> <span class='ocrx_word' id='word_1_73' title='bbox 859 1124 967 1170; x_wconf 82' lang='lat' dir='ltr'>patet</span> <span class='ocrx_word' id='word_1_74' title='bbox 988 1144 1003 1164; x_wconf 59' lang='lat'><em>7</em></span> <span class='ocrx_word' id='word_1_75' title='bbox 1035 1128 1106 1156; x_wconf 89' lang='lat' dir='ltr'>cor</span> <span class='ocrx_word' id='word_1_76' title='bbox 1136 1124 1176 1155; x_wconf 85' lang='lat' dir='ltr'>et</span> <span class='ocrx_word' id='word_1_77' title='bbox 1209 1122 1362 1157; x_wconf 71' lang='lat' dir='ltr'>aot-tam</span> <span class='ocrx_word' id='word_1_78' title='bbox 1388 1146 1399 1166; x_wconf 81' lang='grc'>,</span> <span class='ocrx_word' id='word_1_79' title='bbox 1435 1130 1514 1158; x_wconf 89' lang='lat' dir='ltr'>non</span> <span class='ocrx_word' id='word_1_80' title='bbox 1539 1149 1550 1169; x_wconf 89' lang='lat'>,</span> <span class='ocrx_word' id='word_1_81' title='bbox 1585 1129 1631 1160; x_wconf 85' lang='lat' dir='ltr'>vt</span> <span class='ocrx_word' id='word_1_82' title='bbox 1665 1120 1708 1160; x_wconf 91' lang='lat' dir='ltr'>in</span> 
     </span>
     <span class='ocr_line' id='line_1_15' title="bbox 676 1179 1704 1234; baseline 0.003 -15"><span class='ocrx_word' id='word_1_83' title='bbox 676 1180 998 1232; x_wconf 77' lang='lat' dir='ltr'>quadrupedibus</span> <span class='ocrx_word' id='word_1_84' title='bbox 1031 1179 1098 1220; x_wconf 79' lang='lat' dir='ltr'>vel</span> <span class='ocrx_word' id='word_1_85' title='bbox 1132 1179 1222 1220; x_wconf 81' lang='lat' dir='ltr'>aliis</span> <span class='ocrx_word' id='word_1_86' title='bbox 1250 1182 1372 1222; x_wconf 83' lang='lat' dir='ltr'>etiam</span> <span class='ocrx_word' id='word_1_87' title='bbox 1408 1182 1581 1234; x_wconf 69' lang='lat' dir='ltr'>piscibus</span> <span class='ocrx_word' id='word_1_88' title='bbox 1608 1183 1704 1224; x_wconf 76' lang='lat' dir='ltr'>alias</span> 
     </span>
     <span class='ocr_line' id='line_1_16' title="bbox 675 1241 1701 1295; baseline 0.004 -13"><span class='ocrx_word' id='word_1_89' title='bbox 675 1241 764 1284; x_wconf 85' lang='lat' dir='ltr'>fieri</span> <span class='ocrx_word' id='word_1_90' title='bbox 799 1242 929 1294; x_wconf 84' lang='lat' dir='ltr'><strong>solet,</strong></span> <span class='ocrx_word' id='word_1_91' title='bbox 965 1244 1247 1284; x_wconf 69' lang='lat' dir='ltr'>contraffione</span> <span class='ocrx_word' id='word_1_92' title='bbox 1299 1245 1496 1295; x_wconf 70' lang='lat' dir='ltr'>alterna,</span> <span class='ocrx_word' id='word_1_93' title='bbox 1539 1245 1599 1285; x_wconf 83' lang='lat' dir='ltr'>sed</span> <span class='ocrx_word' id='word_1_94' title='bbox 1651 1246 1701 1286; x_wconf 81' lang='lat' dir='ltr'>fi-</span> 
     </span>
     <span class='ocr_line' id='line_1_17' title="bbox 675 1304 1698 1358; baseline 0.004 -13"><span class='ocrx_word' id='word_1_95' title='bbox 675 1305 883 1347; x_wconf 76' lang='lat' dir='ltr'>multanea</span> <span class='ocrx_word' id='word_1_96' title='bbox 919 1304 984 1357; x_wconf 64' lang='lat' dir='ltr'>:igi</span> <span class='ocrx_word' id='word_1_97' title='bbox 1005 1337 1016 1358; x_wconf 89' lang='lat'>,</span> <span class='ocrx_word' id='word_1_98' title='bbox 1050 1306 1104 1347; x_wconf 82' lang='lat' dir='ltr'>ita</span> <span class='ocrx_word' id='word_1_99' title='bbox 1127 1336 1138 1356; x_wconf 87' lang='lat'>‚</span> <span class='ocrx_word' id='word_1_100' title='bbox 1173 1314 1219 1345; x_wconf 91' lang='lat' dir='ltr'>vt</span> <span class='ocrx_word' id='word_1_101' title='bbox 1240 1335 1253 1356; x_wconf 78' lang='lat'>‚</span> <span class='ocrx_word' id='word_1_102' title='bbox 1287 1304 1316 1344; x_wconf 86' lang='lat' dir='ltr'>fi</span> <span class='ocrx_word' id='word_1_103' title='bbox 1352 1319 1392 1346; x_wconf 85' lang='lat' dir='ltr'>v.</span> <span class='ocrx_word' id='word_1_104' title='bbox 1426 1317 1467 1357; x_wconf 88' lang='lat' dir='ltr'>g.</span> <span class='ocrx_word' id='word_1_105' title='bbox 1516 1308 1698 1349; x_wconf 83' lang='lat' dir='ltr'>auricula</span> 
     </span>
     <span class='ocr_line' id='line_1_18' title="bbox 671 1360 1700 1423; baseline 0.005 -15"><span class='ocrx_word' id='word_1_106' title='bbox 671 1377 714 1409; x_wconf 88' lang='lat' dir='ltr'>et</span> <span class='ocrx_word' id='word_1_107' title='bbox 748 1368 889 1410; x_wconf 85' lang='lat' dir='ltr'>bulbus</span> <span class='ocrx_word' id='word_1_108' title='bbox 924 1360 1056 1409; x_wconf 73' lang='lat' dir='ltr'>nortae</span> <span class='ocrx_word' id='word_1_109' title='bbox 1093 1369 1137 1410; x_wconf 90' lang='lat' dir='ltr'>in</span> <span class='ocrx_word' id='word_1_110' title='bbox 1169 1368 1333 1409; x_wconf 74' lang='lat' dir='ltr'>diastole</span> <span class='ocrx_word' id='word_1_111' title='bbox 1367 1371 1603 1422; x_wconf 79' lang='lat' dir='ltr'>versentur,</span> <span class='ocrx_word' id='word_1_112' title='bbox 1637 1374 1700 1423; x_wconf 86' lang='lat' dir='ltr'>sy-</span> 
     </span>
     <span class='ocr_line' id='line_1_19' title="bbox 672 1431 1699 1484; baseline 0.004 -10"><span class='ocrx_word' id='word_1_113' title='bbox 672 1432 815 1474; x_wconf 84' lang='lat' dir='ltr'>stolem</span> <span class='ocrx_word' id='word_1_114' title='bbox 873 1442 1084 1476; x_wconf 76' lang='lat' dir='ltr'>exerceant</span> <span class='ocrx_word' id='word_1_115' title='bbox 1141 1431 1415 1484; x_wconf 72' lang='lat' dir='ltr'>synchronum</span> <span class='ocrx_word' id='word_1_116' title='bbox 1445 1463 1458 1484; x_wconf 89' lang='lat'>‚</span> <span class='ocrx_word' id='word_1_117' title='bbox 1510 1443 1552 1475; x_wconf 85' lang='lat' dir='ltr'>et</span> <span class='ocrx_word' id='word_1_118' title='bbox 1610 1437 1699 1478; x_wconf 59' lang='lat' dir='ltr'>vice</span> 
     </span>
     <span class='ocr_line' id='line_1_20' title="bbox 668 1499 795 1538; baseline -0.008 0"><span class='ocrx_word' id='word_1_119' title='bbox 668 1499 795 1538; x_wconf 76' lang='lat' dir='ltr'>versa.</span> 
     </span>
    </p>
   </div>
   <div class='ocr_carea' id='block_1_4' title="bbox 1600 2253 1682 2296">
    <p class='ocr_par' dir='ltr' id='par_1_8' title="bbox 1600 2253 1682 2296">
     <span class='ocr_line' id='line_1_21' title="bbox 1600 2253 1682 2296; baseline 0 0"><span class='ocrx_word' id='word_1_120' title='bbox 1600 2253 1682 2296; x_wconf 86' lang='lat' dir='ltr'>DE</span> 
     </span>
    </p>
   </div>
  </div>
 </body>
</html>
