1852 2730
628 170 742 231 “52³2ss
774 179 790 227 (
822 185 850 214 0
885 173 901 233 )
936 172 1052 227 ἓῆῒὲθ·
1415 178 1472 232 3'7

198 282 483 336 tantummodo
516 291 798 335 obseruationis
834 292 1086 332 mentionem
1121 289 1342 344 (ademta,
1377 298 1480 348 quae

196 360 239 400 in
272 359 555 401 oeconomiam
593 357 759 399 vitalem
795 360 1032 397 maximum
1066 357 1136 397 fibi
1158 359 1363 399 influxum
1389 360 1482 400 vin-

197 425 338 472 dicat,
372 433 410 462 et
448 424 551 463 vnde
588 422 769 474 patebit,
803 433 885 474 quo
919 432 1042 473 vsque
1080 422 1119 461 in
1158 424 1281 463 variis
1317 422 1481 463 anima-

198 487 298 527 libus
329 487 503 526 aetiones
539 485 683 526 vitales
716 485 871 524 variare
909 485 1067 538 possint.
1101 486 1258 528 'Leoni
1295 500 1365 527 cor
1391 488 1480 528 'da-

199 561 288 590 tum
322 550 405 597 est,
444 561 518 601 pro
554 550 662 589 mole
694 549 876 596 corporis
915 561 1092 600 paruum
1115 578 1127 600 ‚
1172 554 1233 593 led
1270 553 1495 592 ventricu-'

195 614 246 652 lis
280 612 521 652 instructum
559 611 901 666 praegrandibus3
948 614 1056 652 vnde
1094 618 1262 665 parietes
1295 616 1495 658 eiusdem'

192 689 318 729 aeque
354 689 397 717 ac
433 679 587 730 septum
610 707 622 728 ‚
658 674 685 715 fr
723 676 772 715 ad
806 674 886 714 alia
920 676 1113 715 animalia
1149 690 1496 733 comparantur,¹

193 742 299 781 mire
334 750 469 780 tenues
502 744 605 782 sunt.
692 739 780 780 Hoc
815 738 1008 779 haetenus
1043 740 1172 780 etiam
1223 754 1245 780 a
1296 742 1479 794 Parfim's

192 803 458 860 Scriptoribus
510 806 592 845 iam
644 803 906 844 obseruatum
958 813 997 843 et
1051 816 1124 856 pro
1178 805 1235 844 rei
1278 805 1491 856 dignitate·

192 871 391 911 traditum
427 868 506 909 fuit
540 868 788 922 (videantur,
821 879 923 921 quae
960 868 1000 906 in
1034 867 1110 907 hac
1140 866 1242 910 Diff.
1272 880 1359 923 pag.
1381 880 1475 920 477

191 943 232 973 et
267 940 373 983 478.
411 932 553 974 deinde
586 944 688 986 quae
726 945 813 987 pag.
852 945 956 981 491.
995 931 1099 973 dieta
1150 934 1239 973 sunt
1259 938 1291 981 ).·
1370 933 1475 984 Sed,

190 998 297 1050 quod
333 998 461 1050 magis
495 997 598 1038 forte
641 1001 912 1039 attentionem
965 997 1203 1038 Anatomici
1258 1008 1475 1051 meretur,

191 1063 375 1115 quodque
410 1064 548 1103 minus
580 1062 625 1102 ab
656 1062 745 1102 aliis
776 1063 1028 1104 obseruatum
1064 1063 1173 1110 fuit,
1228 1061 1332 1104 illud
1387 1063 1474 1113 est,

191 1127 297 1178 quod
335 1127 468 1166 trunci
501 1125 741 1165 arteriarum
764 1154 776 1175 ‚
826 1137 926 1178 quae
963 1137 1015 1165 ex
1049 1126 1291 1167 ventriculis
1333 1128 1478 1169 oriun-

191 1200 260 1230 tur
281 1219 293 1238 ‚
326 1191 676 1242 quemadmodum
711 1189 926 1231 ventriculi
961 1188 1032 1242 ipsi
1072 1191 1338 1244 proportione
1369 1192 1476 1232 alio-

190 1264 285 1294 rum
322 1253 565 1295 animalium
603 1254 741 1304 magni
778 1257 898 1302 sunt,
947 1254 1063 1306 parui
1117 1254 1255 1307 potius
1303 1254 1475 1297 existant

191 1320 458 1371 proportione
508 1318 681 1367 eadem,
730 1327 772 1358 et
826 1317 933 1371 quod
991 1318 1094 1357 rami
1130 1330 1275 1358 earum
1307 1321 1474 1361 arteria-

190 1395 284 1422 rum
321 1382 442 1423 simili
485 1384 614 1424 modo
647 1382 862 1424 decrescere
901 1393 1083 1436 pergant.
1151 1382 1298 1432 Nam,
1343 1383 1373 1424 fi
1406 1397 1472 1425 ar·

191 1448 314 1491 teriae
346 1447 474 1488 leonis
509 1449 554 1488 ad
591 1448 755 1487 arterias
793 1447 971 1488 aliorum
1017 1447 1260 1488 animalium
1313 1448 1355 1488 in
1408 1461 1472 1490 ea-

190 1513 281 1552 dem
331 1512 483 1553 ratione
534 1512 688 1553 iterum
743 1512 894 1562 essent,
948 1511 1012 1552 vti
1068 1511 1291 1554 ventriculi
1341 1514 1472 1553 cordis

191 1577 279 1616 sunt
302 1605 313 1626 ,
345 1578 454 1628 quod
492 1587 624 1617 tamen
665 1576 886 1617 verisimile
920 1576 1048 1617 videri
1089 1575 1311 1630 potuisset,
1364 1575 1473 1618 nihil

191 1652 241 1680 eo
278 1650 502 1680 mutaretur
535 1642 574 1681 in
620 1652 735 1681 motu
791 1641 1002 1693 sanguinis.
1089 1640 1218 1681 Massa
1271 1641 1470 1693 sanguinis

193 1703 326 1743 maior
363 1716 432 1756 per
467 1703 552 1742 vala
589 1706 741 1744 maiora
779 1705 904 1745 simili
942 1706 1065 1745 modo
1104 1707 1146 1745 in
1182 1705 1299 1746 leone
1346 1718 1470 1757 quarn

191 1768 231 1806 in
269 1767 358 1806 aliis
393 1766 631 1807 animalibus
670 1778 921 1806 moueretur.
1006 1769 1102 1821 Quo
1151 1769 1280 1817 magis
1329 1778 1472 1809 autem

189 1831 297 1871 ratio
329 1831 574 1869 arteriarum
609 1829 732 1870 leonis
768 1831 813 1870 ad
851 1832 1030 1870 aliorum
1072 1832 1316 1870 animalium
1361 1842 1470 1872 arte-

190 1896 268 1935 rias
303 1893 511 1935 succeffiue
546 1895 769 1943 decrescit;
809 1907 860 1934 eo
895 1895 1026 1945 magis
1058 1906 1220 1946 qnoque
1255 1895 1468 1946 celeritas,

188 1970 268 2011 qua
305 1960 458 2010 languis
494 1957 534 1996 in
572 1958 684 1998 leone
731 1970 952 2007 mouetur,
1002 1958 1254 1999 celeritatem
1309 1960 1470 2011 supera·

189 2023 278 2073 bit,
315 2034 391 2074 qua
427 2025 533 2063 idem
572 2024 611 2061 in
653 2020 739 2061 aliis
775 2022 1016 2063 animalibus
1037 2023 1291 2075 propellitur.
1359 2024 1469 2067 Hace

190 2087 323 2140 itaque
361 2096 407 2127 ’vt
442 2088 665 2126 accuratius
695 2086 855 2128 definiri
890 2098 930 2126 et
961 2087 1160 2127 aestimari
1195 2087 1471 2139 poffint,ven·

190 2151 361 2193 triculos
394 2152 526 2193 cordis
559 2163 599 2193 et
634 2154 795 2193 arterias
832 2152 1066 2204 praecipuas
1104 2149 1277 2194 maiores
1309 2153 1351 2194 in
1386 2154 1469 2194 leo-

840 2229 863 2256 ε
905 2227 927 2264 3
1417 2228 1467 2258 ne
