1852 2730
382 198 694 245 szxmvm
752 198 1114 261 Sihsrldcig.
1296 212 1381 253 535

264 318 505 371 Temperies
537 315 639 356 a'e'ris
692 313 800 355 intra
854 314 924 356 hos
975 314 1091 355 binos
1144 312 1224 354 dics
1276 315 1389 356 iuxta

115 387 463 429 thermometrum
505 381 859 421 Reaumurianum
895 390 987 421 ante
1010 379 1227 421 meridiem
1253 392 1282 428 9
1301 392 1410 433 gra-¹

113 457 243 496 duum
281 448 365 503 post
399 445 616 487 meridiem
656 458 757 487 vero
787 447 834 486 ad
876 456 928 494 18
951 456 1075 499 vsquc
1097 444 1241 498 gradus
1267 449 1397 487 ascen-

113 519 205 558 dere
238 514 293 555 est
327 512 545 561 obseruata,
579 511 718 552 eadem
754 508 906 551 scilicet
939 522 1061 563 quam
1099 511 1291 565 proxiine
1317 511 1397 552 fuit

115 592 215 636 quae
248 589 288 620 et
323 574 444 619 Kolae
473 605 485 626 ,
536 576 637 628 dum
677 575 784 616 idem
819 573 1086 628 horologium
1134 574 1262 628 spatio
1314 574 1398 618 diei

115 645 253 688 solaris
287 640 415 683 medii
449 641 673 682 retardaret
714 639 798 681 10¹‘.
836 639 892 680 Et
926 652 1023 680 cum
1060 639 1276 691 longitudo
1294 652 1398 693 pen·

117 710 204 752 duli
241 708 395 750 minuta
441 706 610 751 secunda
660 703 789 746 Kolae
839 704 1053 746 indicantis
1105 716 1176 757 par
1232 717 1400 757 praece·

117 776 251 816 denti-J
286 771 565 825 experimenta
600 770 647 810 fit
681 780 768 821 44¹
792 800 804 818 ‚
827 778 889 820 34
923 770 998 810 lin.
1049 767 1258 809 habebitur
1310 768 1402 809 lon-

119 841 264 892 gitudo
327 835 488 890 penduli
525 833 870 886 fingula-minuta
906 833 1069 875 secunda
1113 831 1404 881 Archangelo-

121 903 205 958 poli
243 902 309 943 sub
343 900 556 956 mitudine
592 889 1402 967 640.33‘01c111antis:⁴ss¹÷3}‘532÷3222

123 987 177 1015 Ξ
201 987 310 1026 441,
336 981 386 1020 ις
405 987 408 991 ·
426 971 497 1012 lin.
534 973 648 1029 parifi

274 1087 334 1128 Dc
366 1082 516 1128 l’lslius
552 1087 700 1128 ibidem
737 1086 934 1128 diuersam
963 1086 1008 1126 ab
1036 1084 1110 1126 hac
1138 1078 1406 1139 reperitpenss

122 1153 213 1194 duli
249 1152 548 1205 longitudinem
582 1165 729 1206 nempe
764 1165 873 1202 440,
900 1162 958 1199 70
995 1151 1065 1193 lin.
1104 1151 1216 1204 paris.
1283 1149 1407 1190 Penes

123 1216 290 1256 lectores
326 1217 522 1256 iudicium
561 1216 622 1262 sit,
658 1227 747 1257 vtra
775 1217 1066 1258 determinatio
1088 1213 1257 1255 veritati
1280 1214 1407 1266 magis

123 1281 185 1323 fit,
206 1283 471 1319 censentanea.
537 1277 810 1332 Comparatio
843 1293 941 1321 vero
976 1279 1286 1330 longitudinum
1312 1290 1408 1330 pen-

120 1344 210 1383 duli
247 1342 372 1383 Kolae
422 1352 646 1399 441‚35;
697 1344 738 1383 in
776 1343 902 1383 Ponoi
938 1355 1046 1391 441,
1074 1355 1160 1392 223
1211 1342 1252 1381 in
1290 1341 1410 1382 Pello

126 1419 233 1456 441,
258 1418 310 1455 17
343 1416 384 1447 et
420 1405 623 1459 Petropoli
662 1420 772 1458 441,
797 1418 853 1445 02
893 1408 1152 1447 inuentarum
1190 1406 1411 1451 monstrare

125 1470 287 1509 videtur
322 1470 705 1512 determinationem
744 1471 806 1512 De
838 1464 1061 1514 l'Isllanam
1096 1470 1196 1512 huic
1214 1467 1290 1512 effe
1309 1469 1414 1526 post-

129 1533 364 1587 ponendam.

201 2227 325 2271 Tom.
337 2221 761 2273 XV1.N0u.Comm‚
876 2210 878 2212 ’
917 2217 956 2261 E
975 2231 998 2262 e
1014 2229 1036 2260 e
1053 2229 1076 2260 e
1317 2209 1362 2255 D
1379 2208 1418 2250 E
