1852 2730
413 166 502 209 3³02
811 157 924 200 DE
992 156 1257 199 MOTV

820 266 1140 325 Coroll.
1232 288 1271 323 1.

566 387 632 413 22.
668 369 710 412 Si
749 370 868 410 tubus
897 381 949 410 ex
986 378 1097 422 parte
1130 367 1169 408 A
1205 367 1246 406 in
1283 365 1494 408 infinitum
1546 380 1683 414 exten-

410 438 529 478 datur
550 464 561 485 ,
615 435 687 475 hac
737 433 1030 473 construetione
1066 442 1233 485 vtraque
1266 431 1361 472 scala
1395 432 1430 474 B
1465 431 1508 472 in
1544 435 1682 486 iqfini-

413 511 503 541 tum
555 496 864 538 continuabitur.
948 496 1013 536 At
1065 495 1093 537 fi
1150 496 1264 536 tubus
1297 497 1335 536 in
1373 498 1411 538 Α
1445 509 1607 552 quoque
1638 499 1685 540 sit

411 562 683 608 terminatus,
734 571 821 600 tum
862 559 940 600 hoc
975 560 1100 601 modo
1137 559 1248 601 scalas
1284 573 1362 600 iton
1403 561 1506 601 vltra
1543 565 1687 604 termi-

410 639 509 667 num
547 639 570 665 α
604 624 795 664 existente
829 621 1091 665 BazAB
1124 625 1352 666 continuari
1390 624 1537 668 licebit.
1580 627 1683 682 Quia

410 702 513 730 vero
563 687 707 728 similis
753 688 1012 729 continuatio
1066 688 1173 729 vltra
1205 690 1243 729 A
1277 688 1428 730 institui
1463 690 1575 730 debet
1613 690 1686 731 hac

409 754 568 795 ratione
602 754 791 807 vtrinque
827 753 867 793 in
904 751 1115 794 infinitum
1151 753 1339 806 progredi
1375 754 1615 807 poterimus.

820 862 1142 921 CorolL
1234 881 1284 919 2.

566 976 636 1013 23.
673 964 721 1005 In
756 962 830 1005 hac
861 974 961 1014 ergo
997 965 1189 1006 scalarum
1231 963 1537 1005 continuatione
1591 973 1685 1006 neu-

410 1027 564 1081 tiquam
617 1040 758 1068 earum
810 1028 965 1069 indoles
1019 1029 1177 1070 interna
1209 1028 1436 1081 spectatur,
1488 1039 1617 1081 neque
1654 1028 1684 1068 fi

409 1104 475 1134 eae
511 1092 661 1133 fuerint
693 1103 846 1132 curuae
887 1091 1131 1142 algebraicae
1182 1092 1247 1133 vel
1299 1092 1534 1146 aequatione
1585 1104 1685 1146 qua·

409 1157 502 1198 dam
537 1155 847 1210 comprehensae
881 1156 1133 1198 continuatio
1163 1169 1214 1197 ex
1249 1155 1321 1197 hac
1357 1157 1590 1210 aequatione
1629 1157 1685 1198 est

409 1222 578 1273 petenda
600 1251 610 1269 ‚
664 1221 723 1260 (ed
770 1219 846 1260 sola
879 1218 1009 1270 figura
1045 1231 1205 1261 externa
1239 1223 1378 1261 eiusue
1413 1221 1556 1261 ductus
1587 1233 1685 1259 con-

410 1283 684 1323 tinuationem
711 1313 722 1331 ‚
770 1294 848 1334 qua
883 1282 949 1321 hic
981 1295 1084 1334 opus
1115 1284 1167 1322 est
1221 1284 1462 1335 suppeditat.
1543 1283 1684 1335 Atque

410 1346 553 1395 regula
590 1345 656 1384 hic
690 1346 777 1384 data
813 1345 979 1396 perinde
1013 1345 1066 1384 est
1100 1345 1337 1384 obseruanda
1360 1375 1371 1394 ,
1425 1343 1506 1384 fine
1561 1346 1682 1385 scalae

411 1408 504 1448 illae
541 1408 615 1448 sint
658 1408 696 1447 in
749 1409 784 1447 se
835 1407 962 1447 lineae
1012 1409 1258 1457 continuae,
1308 1408 1389 1447 siue
1443 1407 1684 1460 irregulares

412 1472 642 1515 cuiusmodi
676 1470 804 1513 libero
838 1482 978 1513 manus
1015 1472 1138 1514 due'tu
1172 1471 1460 1513 describuntur.

846 1579 1266 1640 Scholion.

566 1693 638 1729 24.
673 1681 779 1722 Haec
812 1678 1114 1720 circumstantia
1147 1690 1198 1718 eo
1251 1677 1406 1719 maiore
1454 1676 1507 1718 est
1559 1683 1685 1718 atten-

413 1747 523 1786 tione
565 1747 682 1796 digna
704 1776 714 1795 ,
766 1744 872 1797 quod
909 1743 1038 1794 vulgo
1074 1743 1114 1782 in
1152 1742 1315 1792 analyfi.
1340 1740 1473 1782 nullae
1506 1740 1604 1781 aliae
1634 1739 1685 1778 li-

410 1823 503 1851 neae
537 1821 684 1849 curuae
708 1839 721 1860 ,
769 1807 842 1847 nisi
877 1819 976 1860 quae
1008 1818 1115 1847 certa
1148 1809 1315 1858 quadam
1350 1805 1589 1858 aequatione
1622 1814 1686 1842 ea-

411 1886 506 1914 rum
545 1885 728 1914 naturam
761 1874 1019 1924 exprimente
1049 1870 1363 1917 contineantur,
1405 1869 1600 1916 admitti,
1633 1865 1686 1905 li-

415 1949 587 1990 neaeque
622 1937 897 1977 discontinuae
934 1933 1044 1974 nulla
1080 1932 1312 1972 huiusmodi
1364 1932 1450 1983 lege
1496 1942 1686 1984 compre-

410 1999 550 2040 hensae
585 2000 673 2040 inde
711 2001 870 2052 penitus
903 1998 1065 2038 excludi
1114 1996 1249 2035 solent.
1334 1994 1523 2045 Analyfis
1573 1995 1684 2033 enim

415 2072 499 2102 tam
540 2062 749 2101 finitorum
775 2094 785 2111 ‚
840 2074 959 2113 quam
994 2073 1038 2100 ca
1070 2071 1158 2111 pars
1192 2058 1451 2098 infinitorum
1487 2069 1588 2110 quae
1619 2058 1684 2097 ad-

416 2124 496 2167 huc
534 2126 788 2179 potitiimum
823 2126 876 2164 cst
910 2123 1101 2172 exculta,
1136 2126 1274 2176 vtique
1308 2124 1352 2163 ad
1409 2121 1539 2162 nullas
1591 2121 1685 2162 alias

1563 2183 1686 2225 lineas
