1852 2730
427 192 518 231 492
757 177 838 219 DE
897 176 1095 219 coam:
1146 179 1372 222 LEONIS.

220 313 406 343 Aoi-taem-
577 294 703 334 Aorta
725 323 735 342 ‚
767 292 835 334 vbi
874 295 1060 348 primum
1096 303 1146 332 ex
1178 292 1297 333 corde
1353 291 1561 343 emergit,
1615 306 1701 334 am-

219 358 403 414 ticyadven-
426 357 511 399 bitu
548 359 694 409 gaudet
729 366 902 398 externo
938 355 1046 409 (uam
1085 358 1237 396 tunicas
1275 356 1463 396 vasorum
1510 353 1589 396 sine
1635 370 1699 399 er-

219 408 374 492 ῗῑῖίῗιψ
428 435 517 462 rore
554 420 880 475 proportionatas
915 420 1081 474 supponi
1118 420 1222 474 posse
1257 418 1497 472 existimo,)
1534 420 1575 459 in
1627 421 1701 462 ho-

219 471 408 544 v¹2¹s2⁰¹1¹1¹32
431 487 540 525 mine
575 485 701 538 priori
740 493 762 530 3
802 485 901 538 poll.
944 488 981 532 ιξ
1018 485 1088 526 lin.
1126 485 1167 524 in
1204 484 1448 538 posteriori,
1501 485 1569 524 cui
1614 498 1703 527 am-

220 559 297 593 bcat
326 559 363 592 ad
428 550 529 589 bitus
565 546 786 587 ventriculi
823 548 966 590 sinistri
1003 550 1166 599 maior,
1207 561 1229 597 3
1269 548 1363 603 poll.
1404 559 1423 596 5
1465 547 1536 590 liu.
1607 549 1704 591 Me-

221 610 361 665 eandem
427 613 542 652 dium
576 623 774 665 ponamus
812 622 835 659 3
879 614 976 667 poll.
1014 628 1036 664 3
1079 613 1146 653 lin.
1213 613 1408 654 Ambitus
1459 613 1589 664 igitur
1642 626 1704 654 ra-

218 668 404 743 ζιῖἒέὓῃξίᾞθ
427 677 525 716 dicis
562 687 697 717 aortae
729 678 769 716 in
805 677 919 719 leone
954 678 1214 731 proportione
1249 678 1420 718 ambitus
1481 678 1700 719 ventriculi

427 740 571 782 sinistri
609 742 824 782 secundum
862 742 963 784 hanc
1000 754 1187 783 normam
1221 743 1297 783 effe
1334 743 1491 782 deberet
1526 746 1555 780 6
1602 742 1701 796 poll.

435 809 523 852 111¹,>
575 805 647 844 lin.
700 817 801 857 ergo
853 807 934 848 fere
981 818 1007 855 7
1044 805 1142 860 poll.
1177 807 1236 847 sed
1275 807 1487 847 inuenitur
1526 809 1568 855 33
1603 805 1702 860 poll.

429 868 572 922 Dupio
606 881 705 920 ergo
740 871 818 911 fere
851 882 964 912 aorta
999 873 1039 911 in
1077 871 1245 912 homine
1268 871 1528 924 proportione
1550 872 1704 912 ventri-

427 933 509 974 culi
545 934 596 974 sui
632 946 683 975 ex
715 947 798 988 quo
831 937 996 986 oritur,
1042 947 1164 989 quam
1199 935 1243 976 in
1275 935 1390 976 leone
1421 934 1598 988 amplior
1633 934 1710 976 est,

218 1079 378 1113 Rationes
580 1060 705 1102 Nunc
738 1075 884 1104 verum
919 1064 1084 1118 quidem
1119 1065 1202 1116 est,
1253 1064 1453 1105 rationem
1490 1072 1627 1104 nortae
1655 1064 1712 1105 ad'

218 1130 387 1186 vasorum·
427 1126 704 1167 ventriculum
739 1130 861 1169 suum.
891 1129 932 1168 in
971 1128 1102 1170 vitulo
1135 1129 1187 1170 ob
1220 1128 1420 1183 insignem
1455 1127 1575 1168 huius
1610 1141 1714 1170 ven-

219 1179 406 1262 adlwini-i·
429 1191 567 1231 triculi
603 1193 975 1233 circumferentiam
999 1224 1010 1244 ‚
1063 1205 1185 1246 quarn
1224 1193 1389 1242 notaui,
1443 1194 1584 1233 itidem
1624 1193 1705 1232 mi-

219 1242 403 1312 ἓὲοἰῖἱῗξῖι
431 1253 572 1293 norem
605 1254 678 1294 csse
711 1255 831 1307 quam
869 1259 907 1294 iu
945 1256 1112 1296 homine
1133 1287 1144 1305 ‚
1181 1257 1239 1295 sed
1277 1255 1412 1294 multo
1443 1266 1580 1295 tamen
1615 1266 1704 1293 ma-

220 1329 290 1362 tulo
319 1336 351 1361 ct
374 1330 405 1362 i„
429 1318 489 1368 gis
525 1316 618 1355 hacc
653 1319 757 1356 ratio
790 1318 964 1357 vitulina
999 1319 1130 1356 maior
1165 1317 1320 1356 leonina
1355 1317 1408 1356 est
1432 1347 1442 1365 ‚
1476 1327 1591 1369 quam
1623 1317 1704 1356 mi-

222 1376 322 1420 ffle,
350 1380 394 1411 vti
431 1392 503 1419 nor
539 1379 729 1420 humana.
815 1379 1032 1420 Nimirum
1069 1380 1244 1420 ambitus
1277 1389 1408 1420 nortae
1439 1379 1607 1420 orientis
1660 1382 1700 1420 in

221 1427 411 1511 seinz-{beant
432 1442 568 1484 vitulo
600 1443 652 1483 cst
693 1458 714 1482 2
754 1443 849 1496 poll.
887 1455 908 1491 5
951 1446 1023 1484 lin.
1058 1453 1096 1483 et
1128 1445 1201 1483 effe
1232 1442 1387 1483 deberet
1410 1472 1421 1490 ,
1473 1443 1500 1481 ss
1531 1444 1704 1495 aequalis

224 1490 385 1562 aenssahffj
430 1506 587 1547 homini
623 1517 663 1547 et
701 1507 836 1548 vitulo
871 1508 975 1547 ratio
1007 1508 1130 1555 essct,
1167 1522 1188 1546 2
1226 1506 1322 1556 poll.
1364 1507 1435 1549 11¹i
1470 1504 1542 1543 lin.
1608 1504 1705 1544 Sex-

224 1589 368 1612 mamam.
431 1581 466 1609 ta
504 1572 629 1621 igitur
667 1580 781 1622 parte
816 1584 892 1611 vna
939 1582 1060 1623 quam
1115 1570 1155 1608 in
1211 1568 1379 1607 homine
1433 1567 1572 1606 minor
1619 1567 1704 1616 est,

224 1627 393 1663 Scholion.
429 1635 488 1674 sed
529 1634 651 1675 tribus
686 1635 836 1685 quintis
874 1636 1052 1687 partibus
1090 1644 1206 1685 quam
1244 1631 1282 1670 in
1320 1629 1431 1671 leone
1468 1631 1611 1671 maior.
1655 1631 1704 1672 In

430 1695 504 1737 fele
539 1699 677 1737 eadem
712 1699 791 1738 fere
842 1710 964 1750 qnam
1015 1699 1055 1739 in
1109 1695 1277 1736 homine
1325 1695 1391 1736 est.
1472 1694 1701 1736 Secundum

431 1760 653 1801 humanam
694 1762 1003 1815 proportionem
1042 1761 1214 1803 ambitus
1248 1769 1385 1799 aortae
1424 1757 1498 1799 effe
1547 1759 1705 1800 deberet

436 1829 479 1878 93
517 1826 587 1867 lin.
621 1835 663 1866 et
697 1826 902 1866 inuenitur
940 1842 967 1877 9
1003 1825 1074 1867 lin.
1108 1822 1323 1875 Similique
1361 1824 1484 1863 modo
1533 1835 1704 1876 compa·

434 1900 569 1929 ratum
605 1889 675 1928 esse
712 1891 873 1942 reperi,
904 1902 999 1929 cum
1036 1887 1341 1930 continuatione
1375 1896 1507 1926 nortae
1538 1888 1702 1940 eiusque

434 1955 566 1994 ramis.
651 1952 872 1994 Nimirum
914 1953 1060 2006 vbique
1096 1952 1138 1991 hi
1173 1951 1274 1990 rami
1310 1953 1571 2002 proportione
1603 1963 1704 1991 ven-

436 2016 573 2058 triculi
609 2016 664 2056 sui
702 2018 821 2069 paulo
854 2018 1098 2069 angustiores
1127 2019 1220 2056 {unt
1255 2014 1294 2052 in
1332 2013 1468 2053 vitulo
1503 2027 1623 2068 quam
1661 2014 1702 2055 in

435 2078 602 2120 homine
624 2111 635 2128 ‚
670 2090 716 2118 vt
748 2090 885 2120 tamen
921 2092 1018 2121 cum
1057 2079 1154 2119 mira
1190 2076 1256 2116 illa
1289 2079 1463 2127 angustia
1486 2109 1497 2127 ‚
1532 2092 1631 2132 quae
1662 2079 1702 2117 in

438 2144 565 2184 ramis
599 2142 794 2184 similibus
826 2143 951 2185 leonis
984 2144 1214 2185 obseruatur
1235 2171 1246 2191 ,
1289 2141 1401 2182 nullo
1436 2143 1557 2182 modo
1585 2155 1704 2184 com-

1574 2205 1703 2260 parari
