1852 2730
387 182 850 234 ACIPENSERIS
892 185 1234 233 RVTHENI.
1365 202 1450 245 515

168 305 299 348 dentis
332 307 585 362 superiorem
621 316 663 349 et
698 303 910 362 plusquam
945 306 1165 350 dimidiam
1203 315 1378 364 partem,
1411 307 1461 349 ob

170 371 374 413 diuerssim
408 373 585 414 omniuo
628 381 710 412 tam
767 389 788 415 a
843 371 999 428 reliqua
1055 373 1180 428 ipsius
1232 375 1458 428 portione,

169 448 294 492 quam
333 436 379 477 ab
411 438 639 478 ascendente
674 437 932 489 structuram,
967 440 1149 494 priorem
1176 438 1460 494 oesophagum

169 502 434 557 posteriorem
470 513 570 543 vero
604 503 883 544 ventriculum
921 517 1066 545 vocare
1099 514 1277 558 oportet.
1339 502 1460 545 Illius

168 570 297 619 euim,
332 567 549 622 superioris
583 568 632 608 sc.
670 569 796 621 partis
830 569 999 610 interior
1033 568 1263 623 superficies
1296 568 1461 624 papillis

169 632 430 686 planiusculis
451 665 462 684 ,
498 631 883 683 subtriangularibus
905 664 917 683 ,
952 636 1113 686 magnis
1141 666 1152 684 ,
1187 636 1457 688 deorsumque

169 698 480 750 dependentibus
501 728 512 747 ,
553 698 729 750 vndique
763 698 954 739 instructa
981 730 992 749 ‚
1027 699 1149 739 huius
1185 711 1284 740 vero
1322 701 1460 740 omnis

170 761 410 814 glaberrima
433 795 444 815 ‚
479 762 674 816 rugisque
717 761 1105 815 longitudiualibuS,
1142 764 1233 817 plus
1270 765 1460 804 minusue

171 827 421 869 euidentibus
471 838 609 870 notata
666 828 753 878 est3
803 840 881 881 qua
933 829 974 868 in
1030 840 1073 868 re
1126 840 1222 869 cum
1277 827 1462 868 aliorum

171 893 343 946 piscium
381 892 610 934 ventriculo
642 894 866 935 conuenire
908 891 1217 947 quodammodo
1263 893 1461 944 videtur,

168 969 263 997 cum
312 957 410 1010 ista,
464 956 678 1013 oesophagi
716 960 767 999 sc.
823 959 989 1012 proprie
1041 956 1094 998 fic
1148 956 1248 1000 dicti
1285 959 1460 1011 portio,

172 1024 362 1063 terminis
396 1024 471 1064 suis
507 1023 552 1064 ab
588 1025 814 1076 insequente
849 1024 1011 1077 optime
1045 1022 1353 1075 distinguenda,
1408 1022 1460 1063 ob

170 1088 343 1141 papillas
381 1090 530 1142 partim
565 1088 690 1129 etiam
716 1118 726 1136 ,
761 1089 866 1140 quod
902 1088 1015 1141 prior
1051 1097 1093 1128 ct
1128 1088 1173 1127 ab
1217 1088 1338 1128 altera
1395 1088 1461 1127 di-

169 1156 303 1193 versae
338 1155 514 1193 omnino
551 1152 600 1193 s1t
637 1151 874 1202 structurae,
906 1151 1129 1205 oesophagi
1150 1163 1300 1192 nomen
1323 1152 1460 1204 potius

167 1227 384 1258 mereatur.
471 1220 529 1257 At
562 1218 675 1258 enim
725 1228 826 1258 vero
850 1247 862 1266 ‚
913 1216 940 1257 fi
980 1217 1070 1271 quis
1107 1215 1207 1257 hanc
1242 1216 1459 1257 admittere

164 1280 269 1320 velit
302 1279 600 1321 distinctionem
624 1311 635 1330 ,
669 1292 747 1319 nou
785 1280 989 1332 videmus,
1023 1292 1107 1334 quo
1141 1281 1307 1320 nomine
1340 1290 1461 1322 ouata

167 1344 237 1386 ista
273 1354 313 1386 et
368 1343 591 1385 musculosa
648 1341 763 1384 valde
815 1356 939 1397 pars,
991 1356 1115 1397 quam
1171 1344 1456 1386 ventriculum

165 1410 282 1463 supra
330 1410 512 1450 diximus
542 1441 553 1461 ‚
608 1408 749 1451 vocari
800 1409 928 1462 possit.
1031 1407 1263 1449 Mallemus
1317 1408 1457 1463 itaque

165 1485 333 1513 omnem
369 1473 490 1514 illum
528 1487 549 1514 a
583 1475 759 1515 fiiucibus
795 1474 885 1516 iude
920 1474 964 1514 ad
1014 1484 1178 1515 ouatam
1236 1486 1359 1528 Vsque
1416 1484 1458 1515 ct

168 1539 372 1577 carnosum
409 1549 565 1589 partem
601 1542 836 1593 protensum
857 1538 1055 1589 canalem,
1091 1539 1288 1580 asuerum
1308 1551 1456 1591 quarn-

165 1600 261 1642 libet
293 1601 498 1642 diuersum
525 1633 536 1650 ,
572 1603 844 1655 oesophagum
867 1635 877 1653 ,
912 1613 1079 1643 ouatam
1115 1617 1214 1644 vcro
1250 1603 1455 1643 ventricu-

165 1664 253 1705 lum
301 1677 545 1719 nuucupare.
632 1666 759 1706 Pofl'et
807 1667 931 1705 etiam
988 1666 1182 1718 papillam
1236 1677 1276 1706 et
1327 1666 1455 1709 albida

165 1728 287 1769 huius
330 1731 474 1772 canalis
520 1742 609 1784 pars
664 1727 898 1783 ingluuics,
953 1730 1080 1772 laeuis
1133 1743 1234 1773 vcro
1286 1734 1455 1785 proprie

166 1791 416 1848 oesophagus
449 1795 540 1836 dici.
579 1795 755 1848 Papillae
791 1795 899 1844 istae,
933 1807 954 1833 e
987 1794 1063 1835 lata
1098 1795 1173 1837 basi
1213 1797 1250 1837 in
1280 1808 1453 1839 acumen

165 1861 356 1901 abeuntus
378 1890 389 1911 ,
424 1871 506 1914 quo
541 1858 767 1901 summitati
803 1860 1013 1913 propiores
1034 1891 1045 1910 ,
1077 1872 1126 1901 eo
1162 1862 1341 1902 minores
1362 1863 1454 1902 sunt

167 1924 372 1965 interdum
408 1925 566 1975 etiam,
602 1924 838 1977 praesertim
879 1924 1049 1965 maiores
1073 1956 1083 1976 ‚
1135 1937 1220 1967 vno
1271 1925 1454 1968 alteroue

165 1989 372 2030 denticulo
404 1989 516 2043 quasi
551 1990 692 2031 incisas
726 1999 768 2031 et
817 1988 949 2029 auctas
1000 1989 1194 2030 vidimus.
1284 1989 1453 2034 Infimas

164 2065 305 2094 earum
332 2085 343 2104 ‚
378 2055 423 2095 ad
456 2055 632 2109 quinque
666 2056 826 2097 circiter
859 2054 985 2094 lineas
1019 2066 1146 2109 vsque
1170 2085 1181 2103 ‚
1221 2066 1346 2107 rugae
1379 2068 1452 2096 co·

165 2118 368 2160 mitantur
403 2118 742 2173 longitudinales,
778 2117 858 2159 illis
892 2117 1056 2159 alterius
1095 2118 1296 2174 portionis
1327 2118 1449 2173 louge

166 2183 346 2225 minores
377 2195 420 2226 ac
453 2184 705 2240 copiosiores.
745 2185 892 2226 Laeuis
929 2183 1144 2240 oesophagi
1178 2184 1450 2228 descendentis

700 2249 739 2291 T
761 2260 775 2290 t
797 2258 812 2289 t
851 2261 874 2288 2
1280 2249 1434 2304 portio,
