1852 2730
570 230 685 284 »ἓξ
720 231 733 281 (
769 240 795 274 0
832 234 846 286 )
879 233 994 285 &320-
1363 246 1419 285 :31

145 349 391 406 Quanquam
428 359 526 390 vero
563 347 640 390 iam
675 346 744 387 hic
783 347 936 389 inficias
969 346 1027 388 ire
1063 360 1143 390 non
1193 347 1288 389 licet
1310 378 1321 399 ‚
1364 349 1426 390 so·

146 417 351 457 lunonem
387 413 498 453 istam
533 415 629 454 adeo
661 425 740 453 non
774 412 847 454 effe
882 413 1112 467 generalem
1137 444 1148 465 ,
1200 425 1247 454 vt
1290 415 1427 467 potius

148 479 257 521 vltra
311 478 480 529 {peciem
536 488 672 517 motus
720 489 842 529 quam
898 479 1082 518 maxime
1137 477 1425 530 particularem

148 542 262 584 nuilo
296 543 416 581 modo
453 550 614 593 pateat:
653 550 788 580 tamen
825 540 901 582 hoc
940 555 1021 582 non
1056 542 1213 593 obstat,
1246 542 1344 598 quin
1382 554 1427 584 ea

153 609 192 648 in
230 605 408 657 pluribus
439 605 595 643 summi
632 606 839 644 momenti
890 606 1235 658 disquisitionibua
1284 606 1430 661 physi-

150 672 204 709 cis
244 671 356 708 vsum
397 663 563 720 praestet
596 666 923 719 ampliffimum3
971 670 1010 709 id
1048 674 1155 723 quod
1191 674 1231 711 in
1268 673 1432 725 sequen-

150 735 253 775 tibus
290 733 368 785 ipse
406 731 471 774 ΙΙΙ.
509 733 586 773 Vir
634 731 853 782 insignibus
903 733 1107 783 exemplis
1160 739 1431 787 comprobat;

150 801 250 839 dum
288 798 439 838 (cilicet
472 797 512 836 in
556 797 726 837 iecundo
779 794 912 848 capite
966 795 1169 836 theoriam
1221 797 1332 837 suam
1382 799 1432 838 ad

150 862 379 904 doetrinam
413 863 459 901 de
495 860 787 915 propagatione
821 860 905 901 toni
940 861 1144 914 adplicat,
1190 873 1212 901 a
1255 859 1438 903 Geome-

153 938 310 969 trarum
350 925 494 975 nullo,
547 926 575 966 ss
608 939 630 965 a
661 924 749 966 Cel.
785 923 841 965 La
880 923 1049 978 Graugio
1081 923 1326 976 uiscefferis‚
1377 927 1437 966 fe-

152 992 221 1033 lici
258 993 344 1031 latis
379 990 545 1031 successu
582 989 876 1043 pertradtatam.
961 990 1049 1031 Hoc
1086 992 1217 1042 igitur
1249 989 1437 1043 grauissi-

151 1069 275 1105 mum
313 1065 605 1108 argumentum
640 1055 709 1097 111.
745 1054 906 1096 Auctor
942 1067 1016 1107 pro
1066 1055 1174 1096 tubis
1219 1056 1438 1108 aequaliter

153 1120 301 1173 amplis
339 1124 395 1160 ita
431 1121 625 1172 expedit,
672 1129 750 1170 vt,
801 1119 830 1159 fi
867 1119 907 1158 in
942 1121 990 1159 iis
1025 1120 1160 1171 pulsus
1201 1120 1344 1162 alicubi
1394 1122 1438 1161 in

157 1187 285 1239 spatio
320 1185 500 1225 minimo
535 1185 661 1224 fuerit
690 1174 925 1230 excitatus,‘
951 1195 1033 1235 quo
1066 1185 1138 1223 ae‘r
1174 1195 1382 1238 vtcunque
1417 1196 1441 1224 a

160 1250 262 1290 statu
298 1249 524 1300 aequilibrii
557 1250 755 1289 receflerit
775 1276 791 1296 ,,
819 1247 938 1286 huius
972 1249 1205 1298 agitationis
1238 1248 1439 1288 minimae

159 1316 493 1367 propagationem
532 1313 576 1352 ad
613 1314 788 1366 quoduis
823 1321 984 1363 tempus
1017 1311 1188 1353 definire
1223 1313 1366 1353 doceat
1398 1320 1441 1352 et

161 1379 328 1433 quidem
373 1377 425 1418 10.
460 1376 488 1416 si
526 1377 640 1417 tubus
674 1377 792 1417 fuerit
827 1376 1019 1419 vtrinuue
1053 1378 1092 1416 in
1130 1376 1345 1417 infinitum
1370 1388 1442 1417 ex-

160 1445 288 1483 tensus
328 1435 382 1481 2⁰.
422 1443 467 1482 ab
505 1451 580 1481 vna
614 1453 724 1496 parte
759 1441 800 1481 in
836 1440 1049 1480 infinitum
1086 1442 1268 1482 extensus
1304 1441 1349 1482 ab
1382 1440 1440 1481 al⁴

162 1518 244 1549 tera
281 1520 382 1548 vero
414 1505 480 1548 vel
513 1505 668 1547 clausus
700 1506 764 1547 vel
801 1516 964 1559 apertus
1004 1497 1058 1554 3⁰.
1096 1507 1292 1559 vtrinque
1325 1516 1445 1558 aper-

165 1581 228 1611 tus
264 1566 324 1622 4⁰.
360 1572 533 1625 denique
561 1572 607 1611 ab
643 1584 720 1612 vna
756 1582 867 1624 parte
899 1580 1060 1623 apertus
1083 1601 1095 1622 ‚
1135 1573 1180 1613 ab
1213 1571 1335 1611 altera
1369 1582 1443 1610 ve-

164 1647 212 1675 ro
247 1636 409 1676 clausus.
477 1637 669 1676 Alterum
706 1637 1016 1688 phaenomenon
1040 1666 1052 1686 ,
1104 1637 1167 1676 cui
1203 1633 1447 1688 explicando

166 1699 231 1740 111.
267 1701 424 1741 Auctor
461 1701 641 1742 theoriae
678 1702 763 1741 suae
815 1700 1011 1754 principia
1058 1698 1251 1741 hactenus*
1298 1699 1446 1741 tradita

164 1763 359 1815 adplicat,
390 1773 428 1804 et
465 1765 509 1804 ini
542 1777 629 1816 quo·
657 1777 679 1804 a
712 1775 876 1805 naturae
914 1764 1199 1805 scrutatoribus
1231 1764 1307 1803 vix
1323 1764 1449 1814 quid-

165 1838 291 1879 quam
343 1828 576 1879 praestitum
611 1827 693 1874 est,
748 1829 788 1866 in
823 1829 951 1876 sono,
1003 1839 1127 1878 quem
1164 1825 1282 1866 tibiae
1318 1827 1448 1868 edunt

169 1890 352 1938 inflatae,
387 1892 550 1943 eiusque
585 1891 855 1943 explicatione
887 1892 1079 1930 versatur.
1149 1889 1323 1930 Dudum
1351 1892 1446 1940 qui·

170 1958 263 1997 dem
306 1955 365 1995 111.
403 1956 562 1995 Auctor
596 1954 825 2005 elegantem
858 1953 1177 1994 ,similitudinem
1216 1954 1323 1993 inter
1373 1968 1447 1995 na·-

172 2031 306 2061 turam
338 2020 536 2060 eiusmodi
574 2018 657 2059 soni
692 2030 734 2059 et
769 2017 873 2069 leges
908 2018 1159 2058 chordarum
1197 2020 1443 2061 vibrantum

168 2086 354 2134 detexit3
408 2083 521 2124 nullo
570 2095 708 2123 autem
744 2084 867 2123 modo
904 2081 977 2135 ipsi
1010 2097 1058 2124 eo
1092 2095 1218 2136 vsque
1257 2084 1449 2137 progredi

172 2148 309 2199 licuit,
343 2158 389 2188 vt
424 2149 547 2202 ipsam
584 2150 686 2188 ae'ris
717 2148 1010 2200 agitationem,
1046 2160 1123 2200 qua
1159 2147 1217 2188 isti
1253 2149 1337 2188 soni
1373 2160 1446 2201 ge-

174 2224 398 2262 nerantur,
448 2211 612 2254 calculis
646 2212 813 2254 definire
849 2212 1066 2268 potuerit:
1115 2213 1206 2255 lam
1248 2223 1353 2254 vero
1405 2215 1449 2253 in

1317 2286 1448 2330 capite
