1852 2730
442 211 525 252 DE
580 208 781 252 coam:
832 208 1059 256 LEoNis.
1295 229 1387 273 479

105 338 232 381 quam
270 327 310 366 in
347 325 517 367 bomine
549 325 718 378 aliisque
752 324 996 366 animalibus
1030 325 1391 378 oblongiorvideri

106 394 230 432 debet.
295 391 337 433 Si
376 403 474 430 vero
509 389 764 431 ventriculus
800 403 877 431 vna
915 403 1009 431 cum
1052 393 1163 444 septo
1212 391 1254 432 in
1310 393 1394 446 pla-

108 459 254 496 nitiem
320 458 631 506 extenderetur,
684 455 788 495 baud
844 455 977 496 multo
1032 454 1100 494 ille
1158 457 1358 498 minorem
1380 490 1392 509 ‚

106 532 230 572 quam
267 532 336 560 cor
372 521 501 572 ipsum
526 552 537 569 ,
582 519 843 559 latitudinem
895 519 1093 572 haberet,
1145 522 1391 577 eandemque

107 586 186 624 fere
227 583 402 636 figuram
438 585 707 634 exprimeret.

254 650 423 703 Septum
479 649 628 688 scilicet
684 648 725 687 in
780 649 1013 690 ventriculo
1066 649 1214 689 dextro
1271 650 1387 691 valde
1408 655 1563 706 septum.

105 724 335 754 connexum
370 711 422 752 est
447 743 458 761 ,
493 712 552 751 (ed
587 711 671 763 alio
705 713 828 752 modo
849 743 861 762 ‚
896 725 1020 767 quam
1077 714 1152 754 esse
1203 714 1302 755 solet
1345 715 1385 756 in
1408 709 1499 766 T'ab.
1532 710 1604 745 ΧΠ·

104 779 192 818 aliis
226 777 463 818 animalibus
496 786 537 816 et
571 777 610 814 in
646 774 832 815 homine.
926 777 973 817 ln
1010 777 1073 816 his
1122 778 1235 817 enim
1289 792 1382 819 con·
1407 757 1484 805 Fsg.
1514 771 1607 808 3⁴¹⁹·

104 843 259 883 rexit-as
294 842 383 881 liacc
422 841 520 893 septi
558 841 736 880 maxime
771 854 790 880 a
828 841 997 882 craffitie
1031 841 1160 880 carnis
1205 843 1386 895 pendet3

101 909 213 947 facies
250 905 442 960 siqtiidem
470 904 566 957 septi
589 906 626 943 in
648 906 924 946 ventriculum
948 905 1152 946 sinistrum
1176 907 1385 958 respiciens

101 969 206 1010 haud
245 981 348 1011 tauta
382 969 631 1009 concauitate
669 971 846 1023 praedita
867 970 937 1020 est,
971 981 1173 1023 quantum
1195 982 1383 1027 connexa

98 1036 149 1076 est
187 1037 226 1076 in
264 1035 494 1075 ventriculo
525 1034 704 1085 dextro,
757 1035 817 1078 sed
851 1026 988 1087 ‘p'otius
1021 1032 1140 1086 plana
1176 1035 1242 1075 est.
1333 1037 1381 1076 In

100 1097 214 1140 leone
249 1110 385 1140 contra
422 1098 655 1139 concauitas
688 1098 785 1150 septi
832 1097 873 1138 in
935 1097 1173 1138 ventriculo
1221 1097 1381 1142 finistro

95 1165 348 1206 coniiexitati
384 1175 463 1217 qua
497 1165 538 1203 in
572 1163 767 1203 dextrum
803 1162 954 1215 spectat
988 1161 1164 1215 aequalis
1201 1163 1256 1203 est
1279 1193 1290 1214 ‚
1338 1173 1380 1204 et

96 1239 180 1269 tota
217 1228 315 1267 haec
349 1237 586 1267 conuexitas
618 1240 638 1266 a
676 1227 772 1280 septi
825 1226 1141 1280 complicatione
1192 1229 1379 1279 pendet,-

93 1303 221 1344 neque
256 1292 294 1329 in
331 1290 524 1341 plurimis
560 1290 659 1329 Iocis
690 1290 767 1330 hoc
801 1291 960 1342 septum
996 1290 1211 1330 crassitiem
1255 1301 1277 1338 5
1309 1290 1377 1329 vel

91 1360 123 1395 6
158 1355 359 1395 linearum
395 1354 566 1394 excedit.
665 1352 715 1394 In
752 1351 831 1396 sola
865 1364 978 1406 parte
1014 1352 1158 1393 infima
1192 1353 1259 1393 vbi
1280 1365 1377 1394 cum

91 1421 311 1473 parietibus
342 1417 667 1459 ventriculorum
694 1417 962 1469 coniungitur
978 1417 1146 1458 craffitie
1170 1429 1224 1457 10
1247 1417 1378 1459 linea·

94 1494 190 1522 rum
222 1484 290 1522 est.
356 1483 550 1534 Adeoque
581 1486 739 1536 septum
775 1482 818 1522 in
864 1484 984 1525 corde
1032 1481 1163 1522 leonis
1212 1481 1372 1523 nonnifi

93 1545 244 1585 lamina
276 1556 416 1583 carnea
447 1546 499 1585 est
521 1577 534 1597 ,
568 1548 623 1586 ita
657 1547 925 1600 complicata,
959 1556 1007 1587 vt
1039 1557 1218 1587 concaua
1253 1548 1372 1589 facies

92 1610 227 1648 versus
263 1608 463 1647 sinistrum
487 1639 498 1656 ‚
533 1622 713 1649 connexa
751 1613 888 1651 verius
920 1613 1115 1652 dextrum
1158 1610 1372 1650 ventricu-

93 1672 183 1712 lum
219 1672 415 1724 respiciat.
483 1670 532 1710 In
566 1672 658 1711 aliis
691 1671 930 1712 animalibus
965 1675 1028 1713 vti
1080 1675 1122 1713 in
1170 1671 1370 1726 homine,

92 1739 204 1778 densa
241 1734 358 1775 maffa
392 1747 535 1775 carnea
579 1736 748 1788 vtrique
794 1735 1029 1777 ventriculo
1078 1736 1211 1776 cordis
1259 1737 1367 1780 reeta

90 1799 325 1854 interposita
359 1799 422 1839 est.
488 1797 708 1839 Caeterum
767 1799 862 1839 haec
910 1801 1011 1854 septi
1062 1800 1177 1841 facies
1224 1800 1366 1844 dextra

90 1865 268 1917 aequalis
296 1863 383 1910 est,
426 1873 554 1914 neque
587 1862 749 1903 lacertis
800 1867 980 1916 carneis,
1038 1876 1168 1918 neque
1216 1863 1366 1909 fiss‘uris

88 1940 157 1968 aut
193 1929 315 1969 foucis
337 1957 349 1976 ‚
382 1935 430 1966 vt
462 1926 534 1966 effe
570 1926 668 1967 (olet
701 1928 741 1966 in
775 1926 868 1968 aliis
902 1927 1161 1980 animalibus,
1190 1931 1366 1980 praedita

88 1994 180 2043 est3
229 1993 334 2033 vnde
384 1991 557 2032 omnino
605 1990 769 2045 aliquod
825 2002 1094 2043 augmentum
1149 1994 1366 2046 capacitati

87 2056 308 2098 ventriculi
355 2054 517 2096 accedit.
611 2055 660 2096 ln
697 2065 807 2110 parte
838 2057 1022 2099 inferiori
1068 2057 1225 2112 aliquot
1257 2062 1364 2100 fora·

88 2121 250 2161 minula
300 2132 414 2161 coeca
467 2119 615 2170 exigua
666 2120 828 2161 dantur.
924 2121 974 2162 In
1009 2132 1124 2175 parte
1163 2122 1364 2175 superiori

87 2184 348 2226 filamentum
394 2185 580 2226 exoritur
635 2187 703 2236 (o.
734 2183 817 2240 B.)
867 2186 911 2228 in
953 2186 1144 2229 valuulae
1194 2189 1362 2228 venosae

1194 2259 1358 2306 partem
