1852 2730
428 197 848 247 INCONGRVE
905 194 1130 242 VERIS.
1359 203 1414 247 83

286 323 516 380 Quaeratur
551 329 657 358 nunc
691 315 737 356 ad
772 325 959 356 normam
999 308 1241 367 paragraphi
1284 309 1423 352 oe‘taui

139 392 298 433 summa
332 384 443 428 seriei
490 382 661 424 ultimae
713 381 756 421 in
810 377 1023 420 infinitum
1074 377 1332 419 continuatae
1383 383 1425 418 et

138 457 216 497 erit
250 454 345 494 haec
383 452 541 490 summa

139 609 298 651 Scilicet
334 607 439 646 inter
475 607 691 648 duodecim
727 609 831 646 casus
878 617 1000 657 aeque
1043 605 1178 647 faciles
1220 617 1323 648 vnus
1357 606 1426 657 est,

141 677 210 726 qui
249 674 454 713 summam
486 671 552 712 dat
607 682 736 718 :03
793 679 871 708 tres
921 673 1024 709 casus
1076 671 1218 723 quibus
1271 673 1428 711 summa

141 738 347 778 obtinetur
402 749 520 785 —13
572 746 748 787 quatuor
800 733 944 785 quibus
995 735 1150 773 stimma
1206 733 1256 774 fit
1307 748 1430 786 -2,

142 811 220 842 tres
254 800 397 854 quibus
432 821 472 827 -
498 811 520 848 3
558 807 598 838 et
632 810 737 839 vnus
770 810 852 851 quo
907 797 1064 837 summa
1123 798 1259 851 prodit
1307 811 1430 848 -43

143 878 242 918 ergo
278 864 416 916 regula
454 864 783 918 probabilitntum
821 861 952 913 exigit
989 872 1035 901 vt
1069 862 1263 902 statuatur
1316 863 1431 902 sum-

146 942 214 972 mat
253 942 304 969 :z
332 951 364 958 -—
391 942 414 967 2
452 940 524 970 nec
558 941 727 981 vsquam
766 927 1016 982 principium
1053 926 1171 967 fallit.

284 1044 315 1092 §.
358 1058 421 1083 11.
480 1042 835 1097 Elegantissimum
891 1041 1032 1095 vtique
1082 1039 1294 1082 theorema
1346 1041 1434 1094 est,

151 1109 268 1149 cuius
309 1108 561 1147 mentionem
617 1109 688 1147 feci
738 1109 783 1147 ab
836 1106 959 1145 initio
1011 1107 1248 1158 paragraphi
1305 1107 1433 1157 noni3

150 1173 304 1212 mirum
340 1183 486 1224 nempe
519 1172 572 1212 est
601 1202 613 1222 ,
675 1173 783 1224 quod
827 1168 1122 1223 qualiscunque
1158 1171 1283 1210 fuerit
1319 1180 1435 1210 arcus

148 1250 210 1286 x,
249 1238 408 1275 summa
445 1238 637 1276 omnium
675 1236 888 1276 cosinnum
936 1234 976 1271 in
1030 1233 1278 1284 infinitum,
1327 1247 1434 1274 con-

150 1301 295 1343 stanter
329 1300 466 1340 eadem
505 1301 688 1354 prodeat.
758 1298 988 1351 Incipiatur
1034 1298 1148 1337 series
1197 1298 1243 1338 ab
1294 1297 1434 1340 arculo

150 1375 355 1418 vtcunque
392 1376 519 1416 paruo
554 1363 618 1405 vel
657 1375 860 1417 vtcunque
898 1371 1078 1413 magn03
1134 1362 1223 1403 imo
1276 1362 1436 1404 excedat

153 1431 314 1485 primus
347 1440 459 1469 arcus
491 1441 520 1470 x
556 1429 757 1482 integram
793 1427 943 1469 circuli
990 1426 1263 1481 peripheriam
1287 1457 1298 1476 ‚
1351 1440 1433 1469 non

154 1494 264 1536 fallet
299 1492 511 1534 theorema
534 1525 544 1545 ‚
576 1496 681 1548 quod
717 1496 924 1534 summam
960 1493 1052 1531 facit
1087 1490 1244 1538 Ξ-ἑ,
1298 1492 1437 1534 Tanto

156 1559 288 1597 minus
334 1558 557 1598 reticendos
593 1557 668 1597 effe
723 1568 824 1611 puto
871 1560 978 1598 casus
1032 1557 1265 1607 solitarioe,
1298 1557 1438 1609 quibus

156 1619 371 1659 affumitur
411 1632 649 1673 „rz4nq
703 1622 965 1674 intelligendo
1017 1633 1088 1675 per
1139 1632 1163 1660 n
1211 1632 1440 1663 numerum

162 1684 374 1735 integrum
408 1683 728 1736 qualemcunque
754 1717 764 1735 ‚
799 1699 879 1727 non
914 1696 1080 1739 excepta
1116 1683 1335 1725 nullitate:
1388 1686 1440 1726 ln

159 1747 221 1787 his
258 1747 456 1786 nimirum
491 1745 640 1786 cafibus
695 1747 864 1788 nascitur
918 1761 970 1789 ex
1022 1747 1271 1788 theoremate
1327 1748 1442 1788 series

159 1820 368 1851 vnitatum

261 1897 894 1943 1÷14-1÷1-†-1÷
931 1904 1008 1936 etc.

159 1979 208 2020 de
242 1991 316 2033 qua
350 1989 429 2018 non
464 1988 664 2032 apparet,
719 1979 827 2034 quod
884 1980 970 2021 vllo
1023 1978 1131 2019 sensu
1185 1979 1263 2020 dici
1325 1980 1442 2037 poffit

159 2056 211 2083 z
234 2047 342 2094 —{,
376 2053 472 2083 cum
509 2041 557 2084 fit
592 2053 728 2096 aperte
764 2043 920 2085 infinita
966 2042 1150 2097 nullique
1202 2045 1324 2086 dnbio
1375 2049 1439 2087 in·
1468 2080 1472 2083 .

159 2118 342 2149 certaeue
376 2107 704 2160 interpretationi
757 2107 953 2152 submissh.
1074 2109 1188 2159 Ergo
1240 2108 1282 2150 hi
1335 2112 1442 2151 casus

161 2183 298 2215 reuera
333 2184 354 2213 a
391 2170 532 2225 regula
567 2171 743 2227 generali
776 2184 894 2215 erunt
926 2172 1190 2230 excipiendi,
1235 2186 1283 2214 an
1338 2187 1440 2215 vero

774 2239 808 2281 L
844 2249 868 2274 2
1279 2237 1442 2278 theore-
