1852 2730
451 180 513 220 40
862 169 977 224 «3013
1012 166 1032 222 c
1069 181 1094 211 0
1135 170 1146 223 J
1182 168 1297 222 22³2<-

447 295 526 337 que
562 284 694 327 multo
731 283 820 339 plus
855 296 978 337 quam
1010 285 1187 325 dimidio
1225 284 1360 326 minor
1394 284 1540 327 euadit.
1610 281 1719 326 Nam

448 348 518 388 vbi
551 349 598 388 ad
631 350 868 391 columnam
909 351 1184 390 vertebrarum
1220 352 1252 390 se
1275 348 1476 401 applicat,
1508 361 1721 403 antequam

449 413 630 466 primam
669 414 963 455 intercostalem
999 415 1188 461 arteriam
1237 413 1439 461 ediderit,
1487 415 1534 452 ad
1582 413 1724 454 huma-

451 488 545 517 nam
581 478 634 519 est
668 480 727 518 vti
769 491 786 516 1
818 482 894 528 ⁴2}
920 507 932 527 ,
982 489 1108 530 prope
1158 476 1423 528 diaphragma
1474 486 1608 516 autem
1661 479 1725 517 vti

453 551 474 579 1
502 553 514 581 z
541 543 595 588 23.
662 541 861 595 Idemque
893 543 942 579 de
975 540 1139 581 caeteris
1174 543 1306 580 trunci
1340 551 1472 581 aortae
1506 542 1629 579 ramis
1656 551 1726 579 va·

447 602 517 647 let.
603 606 768 647 Arteria
819 603 1017 645 subclauia
1068 603 1206 642 dexmi
1258 605 1304 644 ad
1338 606 1505 643 eandem
1545 604 1744 657 hominis,

395 699 398 702 -
447 669 642 709 art-eriam
676 669 730 709 est
762 669 820 707 vti
859 682 876 708 1
902 681 912 706 ε
935 669 988 713 21¹³.
1075 666 1287 707 Subclauia
1323 667 1469 708 sinistra
1509 671 1565 709 vti
1607 680 1623 706 1
1651 672 1725 716 :24

447 740 489 786 et
521 732 715 783 carotides
747 732 843 770 adeo
877 736 957 770 tere
993 733 1081 770 sunt
1117 733 1176 769 vti
1220 744 1236 768 1
1263 745 1331 780 :3.
1420 732 1565 785 Neque
1603 731 1724 785 aliter

447 805 735 849 comparatum
772 795 827 835 est
863 807 960 835 cum
997 796 1156 834 arteriis
1191 793 1502 847 pulnionalibus.
1589 797 1723 835 Trun-

446 869 521 900 cus
567 860 814 899 arteriarum
867 858 1172 912 pulmonalium
1225 861 1270 899 ad
1320 862 1491 898 eundem
1531 870 1722 899 truncum

446 922 492 974 in
526 921 694 972 homine
719 925 990 976 ‘proportione
1028 922 1241 964 ventriculi
1279 923 1336 962 [ui
1381 924 1515 964 dextri
1567 925 1601 964 se
1655 923 1724 963 ha-

443 985 510 1043 bet
546 987 777 1039 vtiss121}.
857 986 936 1029 Sed
968 987 1053 1026 eius
1086 998 1223 1027 ramus
1256 989 1398 1027 dexter
1436 989 1492 1028 vti
1535 1003 1551 1028 1
1580 1002 1587 1026 z
1615 1001 1638 1026 2
1684 996 1724 1029 et

450 1049 601 1093 finister
636 1052 697 1092 vti
740 1065 756 1090 ι
783 1055 870 1101 ιαὲ.
956 1050 1159 1091 Probabile
1195 1052 1320 1101 igitur
1354 1052 1436 1101 est,
1471 1053 1576 1094 idem
1615 1053 1724 1093 vaso-

446 1125 546 1156 rum
578 1116 886 1156 decrementum
922 1117 1210 1155 continuatum
1246 1117 1294 1154 iri
1336 1128 1459 1167 porro
1493 1129 1561 1169 per
1594 1118 1723 1156 succe-

447 1178 585 1220 dentes
617 1176 959 1226 ramificationffi,
993 1177 1090 1218 adeo
1110 1209 1120 1228 ‚
1156 1187 1206 1223 vt
1238 1178 1277 1217 in
1311 1180 1517 1220 ordinibus
1550 1179 1723 1231 vltimis,

446 1241 580 1295 yeluti
612 1242 652 1281 in
688 1242 849 1282 decimo
882 1246 1057 1294 quinto,
1109 1242 1174 1283 vel
1211 1243 1321 1281 sexto
1343 1271 1353 1290 ‚
1404 1242 1556 1283 vascula
1603 1245 1722 1284 decu-

447 1304 524 1360 plo
554 1316 713 1358 quoque
747 1305 906 1344 circiter
941 1306 979 1344 in
1013 1307 1168 1345 ambitu
1203 1308 1274 1347 suo
1308 1304 1498 1348 humanis
1549 1320 1720 1362 propor-

451 1369 563 1416 tione
598 1368 816 1415 ventriculi
853 1367 991 1412 sinistri
1031 1370 1188 1410 minora
1223 1368 1309 1410 fint.

601 1500 709 1543 Hinc
740 1498 856 1542 facile
890 1497 1101 1553 colligitur
1122 1532 1135 1552 ‚
1188 1508 1337 1554 quanto
1373 1498 1552 1542 celeritas
1590 1509 1722 1542 motus

449 1563 654 1616 sanguinis
686 1568 727 1607 in
761 1565 877 1606 leone
915 1567 1043 1605 maior
1076 1565 1122 1606 sit
1154 1577 1274 1618 quam
1312 1567 1351 1604 in
1388 1564 1557 1605 homine
1591 1576 1630 1605 ct
1680 1568 1718 1605 in

449 1629 541 1670 aliis
573 1629 822 1671 animalibus.
908 1628 1076 1669 Etiamsi
1115 1631 1154 1669 in
1188 1630 1351 1669 calculo·
1398 1630 1525 1669 multa
1581 1629 1722 1680 largia-

451 1705 582 1744 mur3
616 1691 727 1747 (nam
763 1695 804 1733 in
840 1693 1133 1734 imminuendis
1168 1697 1331 1747 potum,
1385 1705 1507 1745 quam
1558 1693 1596 1731 in
1651 1705 1720 1732 au-

450 1757 596 1808 gendis
648 1757 901 1798 mirabilibus
952 1758 1112 1799 Auctor
1166 1769 1322 1811 peccare
1373 1757 1532 1806 voluit)
1568 1758 1720 1807 languis

451 1830 587 1868 tamen
621 1822 930 1872 quamprimum
964 1833 1015 1863 ex
1065 1821 1183 1861 corde
1233 1821 1444 1871 erumpit,
1493 1828 1533 1858 et
1586 1819 1624 1856 in
1674 1832 1717 1860 ea

448 1892 565 1937 parte
599 1885 749 1922 Aortae
769 1912 782 1931 ‚
814 1894 913 1935 quae
942 1886 1042 1923 citra
1077 1894 1210 1924 ramos
1241 1882 1292 1922 cst
1314 1911 1324 1929 ‚
1375 1879 1601 1933 quadruplo
1634 1881 1716 1922 iam

451 1946 622 1995 celerius
655 1946 694 1985 in
732 1945 846 1986 leone
882 1958 1004 1996 quam
1042 1949 1080 1987 in
1115 1945 1282 1987 homine
1316 1955 1354 1984 ct
1399 1946 1439 1985 in
1490 1945 1580 1985 aliis
1628 1949 1717 1987 ani-

455 2011 629 2060 malibus
663 2010 979 2062 quadrupedibus
1038 2010 1293 2058 monebitur3
1335 2009 1540 2060 noncuplo
1580 2020 1715 2051 autem

448 2075 492 2118 in
528 2075 650 2115 ramis
684 2074 837 2114 (ecundi
871 2075 937 2114 vel
977 2075 1089 2115 tertii
1122 2074 1305 2121 ordinis,
1337 2085 1514 2123 quorum
1537 2103 1549 2123 ‚
1585 2074 1713 2115 veluti

446 2139 707 2190 cai-otidum,
762 2137 1017 2193 peripheriae
1051 2137 1180 2192 triplo
1209 2147 1249 2179 et
1282 2137 1438 2178 lumina
1474 2137 1602 2191 igitur
1637 2151 1714 2181 non

1468 2204 1472 2207 ’
1594 2203 1715 2259 cuplo
