1852 2730
455 191 703 241 AERIS
755 193 844 244 IN
898 192 1151 241 TVBIS.
1349 210 1435 252 331

162 315 319 373 semper
357 325 435 361 vna
470 320 641 374 quadam
677 319 780 362 linea
813 330 939 361 curua
976 315 1121 362 XZY
1158 316 1443 375 repraesentari

160 384 284 440 posse,
316 396 415 438 qnae
453 384 573 424 simul
609 383 658 426 sit
692 385 791 427 scala
825 384 1070 427 densitatum
1105 394 1148 427 et
1178 387 1441 427 ccleritatum

161 449 321 490 etiamsi
356 452 393 489 in
434 448 545 501 puliu
583 449 794 506 principali
832 449 907 490 hae
940 450 1038 490 duae
1085 449 1205 490 scalae
1260 451 1441 490 maxime

160 515 313 555 fuerint
348 514 556 562 diuersam
608 514 686 556 hoc
728 525 864 556 autem
900 515 947 555 de
984 513 1161 568 pulsibus
1194 514 1446 569 simplicibus

163 578 218 618 est
256 577 566 628 intelligendum
589 606 600 626 ,
642 591 722 619 non
759 591 860 619 vcro
892 578 939 620 de
971 579 1196 631 complexis
1221 611 1232 631 ‚
1271 580 1340 632 qui
1392 590 1445 620 ex

160 642 345 695 pluribus
378 639 630 692 simplicibus
664 654 687 682 a
720 642 931 684 contrariis
992 643 1124 695 plagis
1176 645 1216 683 in
1270 643 1447 683 eundem

162 705 300 746 licum
346 705 595 745 venientibus
645 703 906 757 coalescunt,
955 706 1184 746 cuiusmodi
1236 708 1326 747 sunt
1378 706 1444 755 ii,

155 781 256 822 quos
291 771 331 810 in
366 769 507 809 coroll.
549 783 572 809 2
607 777 647 808 et
686 780 709 817 3
746 768 942 822 descripsi.
1009 769 1125 810 Dum
1169 770 1299 819 igitur
1350 769 1439 822 pul-

152 836 216 874 ius
252 833 320 873 ille
355 833 527 887 simplex
560 833 602 873 in
647 834 773 887 spatio
821 832 928 874 XY
978 832 1194 883 versatur,
1247 832 1435 885 primum

155 900 241 938 eius
277 899 448 939 latitudo
483 896 583 939 XY
618 896 855 939 considerari
891 896 1003 938 debet
1038 897 1142 937 intra
1190 909 1313 951 quam
1367 897 1438 937 ae‘t·

154 964 201 1003 de
240 963 338 1003 statu
369 962 596 1008 aequilibrii
631 963 684 1003 est
714 963 947 1004 deturbatus
969 992 979 1011 ‚
1034 970 1148 1002 extra
1199 973 1288 1001 eam
1334 972 1438 1001 vero

154 1027 302 1080 vbique
335 1028 521 1079 quiescit:
556 1039 639 1079 quo
671 1028 783 1067 enim
815 1027 910 1067 haec
946 1025 1121 1066 latitudo
1154 1025 1278 1066 fuerit
1301 1025 1438 1066 maior

155 1101 203 1129 eo
239 1090 394 1143 plenior
432 1089 538 1143 quasi
575 1092 653 1130 erit
683 1091 810 1131 sonuS.
847 1089 1006 1130 Deinde
1038 1100 1165 1129 curua
1195 1089 1265 1129 illa
1285 1086 1432 1132 XZY

154 1153 235 1195 hoc
281 1155 404 1194 modo
455 1155 558 1194 :ieris
606 1154 875 1206 agitationem
925 1151 1134 1193 declarat:
1186 1164 1229 1192 ea
1282 1152 1436 1195 scilicet

152 1221 255 1258 aeris
290 1219 484 1272 particula
517 1229 617 1270 quae
649 1229 740 1259 ante
775 1217 909 1272 pulsus
941 1218 1160 1259 aduentum
1206 1226 1291 1259 erat
1328 1220 1372 1261 in
1407 1217 1436 1260 S

152 1293 262 1322 nunc
297 1284 377 1321 erit
407 1281 594 1322 translata
631 1282 672 1321 in
715 1295 771 1330 s,
821 1293 868 1322 vt
919 1281 966 1321 sit
1021 1280 1241 1332 spatiolum
1292 1282 1434 1323 Ss:

151 1357 264 1386 areae
300 1346 340 1385 X
368 1344 393 1386 S
423 1343 460 1386 Z
495 1346 544 1385 ad
577 1343 727 1385 lineam
765 1345 879 1385 illam
934 1345 1083 1385 rectam
1107 1378 1118 1398 ‚
1168 1358 1247 1399 qua
1299 1347 1436 1386 vnitas

149 1410 391 1462 designatur,
425 1410 673 1463 applicatae:
704 1418 794 1449 tum
830 1419 933 1449 vero
947 1409 1036 1450 eius
1055 1409 1260 1462 denfitasq
1281 1411 1334 1450 ita
1354 1410 1436 1450 erit

153 1484 385 1526 comparata
407 1504 418 1524 ,
468 1485 516 1514 vt
564 1473 610 1513 sit
639 1485 664 1525 q
688 1486 739 1511 z
760 1471 862 1527 ss(1
884 1481 950 1521 -i—
970 1472 1080 1526 ΞΖ)
1129 1478 1343 1517 denotante
1397 1473 1434 1516 B

153 1536 384 1576 densitatem
437 1537 662 1579 naturalem
702 1538 769 1577 seu
823 1539 902 1579 erit
956 1538 1191 1601 SZzl}
1233 1571 1246 1590 ,
1315 1550 1434 1579 motu

155 1616 290 1646 autem
327 1605 448 1645 simul
484 1607 618 1647 versus
654 1606 688 1646 B
724 1609 907 1659 feretur,
958 1612 1075 1649 cuius
1126 1612 1307 1653 celeritas
1348 1611 1433 1651 erit

156 1666 411 1730 2521!ng
480 1670 634 1710 Eadem
675 1681 814 1710 nutem
868 1672 933 1713 hic
984 1674 1093 1714 rec'ta
1150 1688 1224 1728 pro
1279 1675 1433 1714 vniiate

155 1745 326 1784 assumta
358 1744 410 1784 est
444 1741 703 1792 intelligenda
728 1773 738 1791 ‚
787 1754 868 1796 qua
906 1743 947 1782 in
986 1743 1094 1783 scalis
1132 1744 1267 1796 pulsus
1316 1745 1430 1798 prin-

152 1808 294 1860 cipalis
325 1805 594 1848 construendis
628 1806 822 1846 fuerimus
861 1805 931 1846 vsi.
1008 1807 1162 1862 Quodsi
1209 1819 1312 1858 ergo
1360 1810 1430 1850 aet·

152 1870 228 1910 hac
264 1873 481 1922 agitatione
515 1870 560 1908 ad
596 1881 736 1909 aurem
774 1872 995 1923 perferatur
1020 1902 1031 1919 ‚
1066 1871 1162 1910 hinc
1197 1872 1278 1911 erit
1311 1872 1429 1913 colli-

150 1936 327 1987 gendum
348 1967 360 1987 ‚
393 1934 598 1990 quomodo
632 1935 794 1974 auditus
826 1946 1026 1986 organum
1059 1935 1277 1977 afficiatur.

510 2024 929 2086 Scholion
1018 2048 1066 2088 ρ.

304 2124 372 2167 58.
411 2114 458 2159 In
496 2117 626 2169 figura
684 2125 814 2160 totam
869 2130 1038 2162 curnam
1094 2115 1256 2160 XZY
1312 2122 1428 2175 supra

153 2193 271 2224 axem
305 2186 543 2239 descriptam
579 2184 775 2231 ‹xhibc0;
814 2185 851 2224 id
886 2187 995 2239 quod
1029 2185 1203 2235 euenit,
1252 2196 1346 2225 cum
1385 2189 1429 2225 in

750 2247 791 2287 T
813 2259 828 2289 t
866 2262 891 2287 2
1336 2259 1428 2288 toto
