1852 2730
489 227 574 269 DE
626 221 830 269 CORDE
867 220 1095 267 monis.
1337 239 1396 278 49
1410 240 1424 265 ι

308 340 553 394 Magnitudo
589 349 724 382 autem
769 339 933 393 cordiS,
983 349 1108 393 quam
1158 338 1430 381 determinare
1451 355 1640 397 Demagn'in‘

157 407 197 448 in
237 406 505 461 superioribus
541 405 748 461 pollicitus
783 408 869 446 sum
895 435 907 456 ‚
959 415 1034 458 pro
1086 402 1194 444 mole
1247 403 1644 460 corporistudinecm·

155 483 279 524 parua
315 471 388 511 effe
422 471 596 514 videtur,
697 469 1022 522 Longitudinem
1066 469 1199 509 cordis
1249 469 1433 511 vidimus
1451 454 1512 488 ὡς·

155 534 230 575 effe
270 543 290 582 5
331 533 428 588 poll.
467 547 490 583 3
529 535 601 576 lin.
668 534 906 587 Longitudo
940 534 1119 587 corporis
1151 545 1173 574 a
1220 533 1430 588 symphyfi

156 598 348 639 maxillae
383 599 618 649 inferioris,
666 601 801 653 capite
835 597 1000 648 cresto,
1051 609 1178 652 vsque
1224 597 1271 639 ad
1320 600 1432 650 sym-

157 662 306 717 phyfin
340 663 484 704 ossium
524 663 638 717 pubis
661 692 674 714 ,
717 664 783 704 vel
816 663 940 703 etiam
975 673 996 701 a
1031 663 1192 703 naribus
1226 674 1351 718 vsque
1385 662 1432 704 ad

155 727 410 781 principium
462 729 608 768 caudae
641 735 726 768 erat
762 727 907 781 pedum
945 735 967 773 5
1003 735 1042 765 et
1082 741 1131 768 11
1174 726 1272 781 poll.
1339 727 1434 768 Me-

154 792 292 833 diocte
325 805 391 834 cor
427 791 654 833 humanum
692 790 951 843 longitudine
986 790 1131 840 gaudet
1164 805 1195 841 4
1241 789 1337 844 poll.
1393 801 1433 831 ct

159 870 212 898 10
250 856 318 897 lin.
354 867 451 908 ergo
486 855 615 898 homo
652 856 865 897 mediocris
897 855 1067 896 staturae
1093 885 1103 904 ‚
1153 854 1182 894 sl
1222 867 1295 895 cor
1346 854 1435 895 lco-

153 922 213 960 nis
258 923 615 976 proportionatum
666 919 761 961 esset
812 920 923 961 cordi
977 917 1196 969 humano,
1252 918 1435 959 mensura

152 986 284 1026 sumta
317 997 337 1025 a
373 987 526 1027 vertice
560 985 705 1040 capitis
740 996 866 1038 vsque
895 985 942 1025 ad
979 982 1057 1024 ossa
1095 983 1244 1037 pubiS,
1287 982 1353 1023 vel
1388 982 1436 1023 ad

154 1050 410 1104 principium
446 1051 534 1092 offis
568 1050 754 1102 coccygis
789 1050 863 1089 effe
899 1047 1057 1089 deberet
1103 1059 1124 1095 5
1191 1046 1342 1101 pedum
1394 1057 1435 1088 et

158 1124 180 1161 5
218 1114 426 1166 pollicum.
516 1116 602 1155 [am
640 1125 730 1167 pars
762 1113 949 1166 corporis
992 1110 1161 1151 humani
1210 1123 1231 1150 a
1281 1113 1434 1152 vertice

151 1179 292 1232 capitis
328 1191 450 1232 vsque
487 1179 533 1218 ad
569 1178 646 1218 offa
681 1177 793 1231 pubis
826 1176 1040 1218 dimidiam
1097 1174 1257 1216 circiter
1309 1176 1435 1214 totius

149 1240 337 1282 hominis
371 1240 675 1293 longitudinem
708 1241 848 1282 efficit.
933 1240 1048 1291 Ergo
1098 1237 1225 1279 homo
1276 1239 1436 1280 medio·

152 1305 230 1345 cris
263 1305 290 1344 fi
326 1316 395 1344 cor
428 1304 559 1344 leonis
596 1302 781 1343 humano
815 1304 1171 1357 proportionatum
1207 1300 1436 1353 effet‚ion·

151 1368 337 1421 gitudine
387 1369 462 1408 esse
515 1368 671 1409 deberet
730 1377 781 1407 10
817 1369 970 1422 pedum
1005 1376 1046 1407 et
1083 1379 1138 1408 10
1174 1363 1276 1418 poll.
1313 1378 1434 1419 quam

149 1443 393 1485 gyganteam
433 1432 757 1484 magnitudinem
779 1463 790 1483 ,
824 1445 920 1473 cum
959 1431 1030 1472 vix
1065 1430 1282 1484 quisquam
1322 1443 1437 1471 mor-

156 1498 302 1537 talium
341 1497 478 1538 hai-‚eat
499 1529 510 1548 ‚
567 1506 707 1551 patet,
759 1509 831 1537 cor
867 1496 994 1538 leonis
1029 1507 1105 1551 pro
1141 1493 1255 1536 mole
1290 1505 1436 1550 corpo-

153 1560 208 1600 ris
243 1560 454 1611 insignitct
491 1573 666 1615 paruum
702 1559 790 1601 effe.

310 1625 465 1663 Verum
487 1626 598 1664 enim
636 1625 901 1676 quantumuis
938 1623 1081 1676 magni
1116 1622 1193 1664 sint
1213 1622 1434 1664 ventriculi
1456 1621 1649 1677 Dei-itione

154 1685 286 1727 cordis
339 1687 379 1725 in
432 1688 544 1726 leone
570 1716 581 1736 ‚
631 1686 658 1725 si
715 1685 874 1726 lumina
907 1689 1096 1728 vasorum
1135 1697 1224 1726 tum
1262 1687 1367 1728 inter
1400 1690 1435 1728 se
1458 1679 1600 1753 “f‘''oe‘fflfi

155 1761 246 1791 tum
282 1751 327 1791 nd
363 1750 611 1790 ventriculos
645 1750 772 1792 cordis
809 1751 848 1790 in
883 1751 1018 1791 eadem
1072 1751 1227 1791 ratione
1278 1751 1400 1791 essent
1422 1782 1434 1802 ‚
1456 1732 1627 1806 {zaja-iacu-

158 1816 219 1855 vti
257 1817 343 1855 sunt
382 1816 422 1853 in
460 1813 627 1856 homine
660 1812 725 1855 vel
777 1813 819 1852 in
871 1815 961 1855 aliis
1011 1815 1283 1864 animalibus3
1336 1814 1435 1856 nihil
1457 1825 1505 1858 los
1529 1819 1651 1855 cordis.

157 1879 248 1920 essct
285 1879 324 1918 in
362 1877 454 1928 his,
502 1877 610 1932 quod
648 1878 775 1919 vllam
815 1879 1084 1919 mutationem
1121 1878 1160 1917 in
1216 1879 1438 1920 func‘tioni-

157 1945 228 1984 bus
262 1943 391 1984 cordis
425 1952 464 1982 ct
502 1945 689 1983 vasorum
746 1942 908 1983 efficere
961 1941 1095 1996 posset.
1196 1941 1270 1983 Sed
1321 1941 1439 1986 aliter

157 2008 255 2048 hacc
290 2009 324 2047 se
359 2007 497 2047 habent
532 2009 706 2048 omnino
729 2038 739 2057 ‚
793 2017 832 2048 et
868 2007 929 2046 vti
967 2007 1103 2058 magni
1142 2009 1230 2046 sunt
1281 2009 1439 2048 ventri-

158 2071 239 2112 culi
277 2071 449 2124 respcstu
484 2072 644 2121 cordis,
695 2073 747 2112 ita
787 2072 926 2123 magni
965 2071 1091 2111 iidem
1135 2083 1296 2124 quoque
1348 2072 1439 2112 sunt

157 2136 333 2188 respestu
374 2138 558 2176 vasorum
597 2146 634 2176 et
671 2135 809 2187 magni
849 2148 974 2189 porro
1011 2136 1050 2176 in
1088 2134 1151 2175 his
1184 2134 1318 2176 trunci
1348 2137 1439 2177 sunt

155 2200 332 2254 rcichtu
368 2212 594 2245 ramorum.

740 2265 821 2322 Qq
840 2276 863 2319 <1
904 2279 927 2306 2
1293 2265 1439 2314 Aorta,
