1852 2730
471 169 560 212 522.
854 155 1354 197 ANATOME

998 268 1091 319 Fig.
1161 281 1199 307 2.

619 351 810 391 Truncus
842 348 1014 391 venosus
1046 345 1167 400 (fig.
1211 363 1246 388 ι.
1284 344 1371 402 D.)
1411 357 1508 387 cum
1563 350 1740 393 auricula

471 419 535 458 sua
570 414 677 468 (Fig.
722 428 761 453 1.
800 414 864 462 d.)
895 423 934 453 et
967 413 1113 452 canalis
1145 414 1313 452 venosus
1334 443 1345 461 ,
1393 412 1593 463 angustior
1627 416 1740 466 (Fig.

478 495 515 521 1.
555 483 620 524 E.)
652 476 1018 530 diaphragmaticus
1041 507 1053 527 ‚
1086 477 1260 528 dulciti,
1295 486 1339 517 vt
1359 477 1618 530 Receptaculi
1641 478 1744 519 Vet-

467 544 599 584 neiam'
635 543 828 583 interiora
861 550 1093 596 appareant.

584 626 637 667 A.
673 624 833 664 Ostium
870 625 911 664 in
947 623 1195 664 Auriculam
1229 624 1360 664 cordis
1396 632 1542 677 patens,

585 686 633 728 B.
654 687 700 730 B.
723 689 770 730 Β.
807 689 965 730 Trunci
1002 688 1137 729 venoss
1171 700 1210 729 et
1258 688 1401 728 canalis
1452 687 1749 743 diaphragma-

663 754 733 793 tici
773 763 904 806 partes
940 752 1127 794 diffestae.

591 815 637 859 C.
673 816 898 858 Auriculae
933 817 1101 857 minoris
1123 846 1134 866 ,
1170 826 1314 856 trunco
1350 817 1496 857 venoso
1518 845 1529 865 ‚
1572 817 1640 857 sub
1674 818 1752 858 sac-

664 881 750 922 culi
786 881 938 935 specie,
971 883 1157 934 appensae
1178 910 1189 930 ,
1224 883 1338 921 facies
1369 881 1538 921 interior
1561 911 1572 928 .,
1606 882 1753 922 reticu-

670 945 751 986 lata
773 974 785 995 ,
824 945 1115 999 tendinofisque
1150 946 1362 985 trabeculis
1398 947 1602 986 murum.

593 1009 644 1051 Ε.
669 1007 771 1050 F.G
805 1008 1006 1050 Auricula
1040 1009 1171 1049 cordis
1207 1009 1385 1058 triloba;
1439 1011 1503 1050 vbi
1538 1008 1578 1050 G
1622 1009 1757 1051 saccu-

666 1072 758 1113 lum
797 1073 883 1125 Fig.
928 1085 956 1113 ι.
997 1074 1064 1114 sub
1100 1072 1162 1112 lit.
1195 1069 1222 1112 ὃ
1257 1074 1497 1124 i11s1gnitum
1521 1103 1534 1125 ‚
1567 1075 1741 1116 denotat.

670 1157 762 1208 Obs.
801 1158 863 1199 Ad
897 1171 1019 1199 venae
1060 1156 1181 1199 cauae
1232 1160 1449 1212 superioris
1503 1162 1758 1202 coniunCtio·

736 1234 831 1277 nem
868 1234 960 1262 cum
1000 1224 1190 1263 inferiore
1225 1224 1418 1262 valuulae
1450 1225 1572 1270 duae,
1608 1225 1674 1262 s1bi
1696 1225 1763 1263 in—

737 1285 876 1326 vicem
909 1284 1112 1339 oppofitae
1135 1313 1146 1334 ‚
1180 1285 1418 1338 conspicuae
1451 1296 1684 1328 occurrunt.

1028 1398 1114 1448 Fig.
1186 1409 1227 1446 3.

635 1479 787 1520 Trium
824 1476 1023 1518 auriculae
1058 1477 1186 1518 cordis
1247 1475 1434 1516 loborum
1491 1478 1608 1518 filcies
1657 1478 1766 1520 inte-

485 1557 580 1585 nor.

600 1621 655 1660 A.
677 1618 733 1659 A.
771 1618 930 1660 Ostium
964 1612 1153 1668 amplum
1176 1645 1188 1666 ‚
1219 1626 1270 1656 ex
1305 1614 1503 1657 Auricula
1541 1617 1580 1655 in
1617 1630 1699 1661 cor.

601 1699 648 1741 B.
682 1698 796 1738 Vnus
831 1697 1033 1738 auriculae
1070 1695 1314 1742 Iobus-(vid.
1353 1699 1439 1751 Fig.
1481 1713 1519 1739 2.
1554 1698 1636 1750 E).

603 1779 649 1821 C.
687 1778 810 1819 Alter
846 1778 960 1819 lobus
993 1769 1248 1820 sacc'iformis.

607 1853 662 1895 D.
698 1855 867 1896 Tettius
903 1853 1026 1894 Iobus,

1033 1967 1120 2019 Flg.
1187 1981 1230 2018 4.

641 2049 725 2091 Cor
759 2051 977 2090 secundum
1013 2047 1316 2098 longitudinem
1337 2049 1544 2092 dissectum
1569 2082 1579 2102 ,
1612 2058 1771 2092 vtven-

490 2112 632 2155 triculi
668 2114 864 2153 interiora
902 2114 943 2152 in
976 2110 1235 2166 conl'pcstum
1271 2114 1446 2153 veniant.

1608 2193 1659 2233 A.
1682 2191 1773 2232 Pars
