1852 2730
537 240 653 294 ···›evte
685 241 700 290 <
733 247 760 277 0
795 234 810 296 )
844 237 961 291 &tneo-
1334 250 1390 295 71

700 354 743 396 D
764 355 802 396 E

150 444 1342 512 SVMMATIONIBVS

112 556 411 603 SERIERVM
446 553 846 611 QVARVNDAM
885 553 1247 598 INCONGRVE
1294 554 1391 598 VE-

213 636 299 680 ωδ
342 633 678 688 EARVMQVE
715 633 1299 680 INTERPKETATIONE

569 708 783 765 ATQVE
820 709 944 753 vsv.

612 839 903 882 Auctore

353 951 675 996 DANIELE
740 951 1155 996 BERNOVLLI.

690 1085 725 1133 §.
795 1099 833 1124 1.

119 1166 340 1282 Seriebus
390 1174 647 1230 potiffimum
699 1172 998 1215 recurrentibus
1052 1170 1131 1214 hoc
1175 1186 1401 1218 commune

214 1242 296 1291 est,
333 1251 378 1282 vt
414 1243 452 1281 in
486 1240 702 1281 infinitum
738 1247 996 1279 continuata-e
1032 1238 1246 1290 aliquando
1287 1241 1401 1280 sum-

118 1318 229 1347 mam
254 1306 426 1346 indicent
463 1305 664 1345 manifeste
701 1302 838 1343 falsam
871 1305 910 1344 in
944 1312 1126 1352 concreto,
1164 1317 1231 1345 nec
1263 1313 1403 1344 tamen

117 1370 318 1410 absurdam
351 1371 388 1410 i'n
422 1367 638 1421 abstraao:
692 1366 769 1408 sola
820 1369 976 1423 quippe
1027 1369 1221 1419 summa,
1275 1378 1401 1423 quam

118 1434 289 1486 analyfis
339 1437 487 1484 docet,
539 1432 764 1475 sufficiente
814 1434 988 1488 quadam
1042 1435 1201 1474 ratione
1244 1431 1403 1475 suffulta

118 1499 206 1549 est,
256 1510 357 1552 quae
407 1499 569 1550 efficit,
621 1509 668 1539 vt
721 1496 774 1537 fic
816 1511 887 1538 nec
919 1497 1039 1538 aliter
1071 1496 1405 1550 determinetur,

120 1562 219 1602 haec
254 1564 359 1603 ratio
386 1564 585 1605 sufficiens
608 1595 619 1613 ‚
660 1572 758 1603 cum
798 1563 840 1603 in
879 1575 973 1604 vera
1008 1562 1249 1614 quaestionis
1283 1572 1404 1603 natu-

123 1636 166 1664 ra
203 1625 322 1677 pofita
357 1626 428 1678 sit,
459 1639 542 1667 'non
574 1627 667 1668 sinit
701 1626 947 1668 solutionem
982 1625 1057 1667 effe
1088 1627 1222 1667 falsam
1260 1628 1303 1668 in
1334 1627 1407 1668 ab·

125 1689 298 1738 stract03
333 1688 427 1728 hinc
461 1689 508 1729 fit
542 1700 590 1730 vt
621 1691 654 1731 fi
682 1691 866 1732 diuersos·
889 1691 1102 1732 solutionis
1136 1694 1279 1738 modos
1331 1692 1405 1732 ad·-⁴

125 1751 363 1802 hibeni-nus,
413 1755 455 1793 in
506 1754 678 1792 eundem
719 1766 846 1805 vsque
876 1754 1063 1795 vaiorem
1096 1754 1407 1795 constantissime

125 1817 380 1856 incidamus:
431 1817 519 1856 imo
569 1817 601 1856 fi
651 1815 853 1856 solutione
885 1817 1085 1869 paradoxa
1123 1827 1296 1857 Vtamur
1333 1828 1406 1857 ceu

126 1881 307 1921 termino
341 1880 481 1920 medio
508 1881 556 1919 ad
588 1880 686 1919 alias
717 1881 960 1932 quantitates
989 1880 1083 1920 inde
1125 1880 1404 1921 determinan-

122 1946 221 1995 das,
255 1945 363 1984 nulli
396 1943 673 1996 amphiboliae
708 1944 924 1996 subiectas,
975 1944 1266 1986 determinatio
1295 1944 1407 1985 obti-

76 2009 84 2016 ‘
125 2021 243 2050 netur
283 2008 481 2048 manifeste
517 2016 610 2049 v'cra
644 2019 724 2048 non
759 2012 865 2050 secus
898 2022 941 2050 ac
987 2009 1231 2062 quantitates
1279 2008 1405 2052 reales

123 2075 370 2116 deducuntur
404 2084 456 2113 ex
492 2073 782 2127 quantitatibus
817 2073 1082 2128 imaginariis,

263 2154 295 2201 §.
335 2167 372 2193 2.
408 2154 692 2205 Proponamus,
722 2152 909 2207 exempli
943 2153 1073 2205 gratia
1098 2184 1112 2205 ‚
1159 2153 1406 2209 simpli-ciffi-

127 2230 194 2259 ma
228 2217 344 2259 series
373 2218 456 2258 iam
492 2218 597 2258 olim
635 2218 782 2272 agitata
822 2226 1014 2266 1—1-4—
1032 2233 1107 2259 1-—
1129 2227 1300 2268 1—1-1—
1327 2229 1404 2258 etc.

1286 2290 1405 2322 curus
