1852 2730
337 263 568 310 SALMO
618 258 1124 307 LEVCICHTHYS.
1277 271 1368 315 537

1163 366 1173 421 l
1207 376 1274 418 oll.
1297 378 1368 418 lin.

103 445 336 500 Longitudo
385 444 430 485 ad
481 445 701 497 pinnarum
749 453 879 487 ventr.
933 443 1092 497 apicem
1181 376 1347 489 ξς..-

100 537 205 546 ,--
255 530 358 539 -—-—
425 509 470 549 acl
501 519 626 548 anum
700 531 720 538 -
793 531 810 537 -
885 530 904 538 ·
979 530 999 538 ·
1075 529 1095 536 -
1193 519 1259 554 31-
1314 529 1352 535 —

103 600 206 610 ,.--
256 594 361 603 -——
393 592 497 602 -——-
550 574 596 612 ad
648 573 791 625 pinnae
842 573 907 612 ani
961 571 1126 611 initium
1195 583 1243 617 3¹
1311 586 1352 619 4.

104 664 208 671 .-...
264 658 337 666 --
403 655 509 665 -——-
543 628 588 675 ad
623 637 767 687 pinnae
798 636 865 675 ani
896 645 1136 676 extremum
1196 646 1246 681 ⁴35
1298 646 1351 671 ω

104 710 209 735 '—-<
257 721 364 729 ——-
396 720 502 728 ——
537 719 642 727 ---
675 701 722 739 ad
771 701 915 740 caudae
950 701 1126 740 radicem
1196 712 1265 750 39.
1314 713 1353 747 4.

256 766 304 805 ad
357 765 485 805 cruris
538 764 714 803 inferior.
769 765 911 803 caudae
961 766 1121 814 ap‘cem
1196 773 1266 811 45.
1318 783 1354 790 -

104 833 315 875 Diameter
349 828 473 869 rietus
505 829 588 867 oris
623 826 755 881 aperti
794 826 1134 880 perpendicularis
1211 838 1248 874 :3¹

265 914 370 924 ---
418 911 524 919 -—-
574 912 680 920 ·—--
735 890 1002 931 transuersalis
1042 912 1060 918 -
1111 911 1132 919 -

108 980 214 989 --—
251 958 356 997 inter
391 966 502 996 nares
600 977 621 983 -
721 976 739 983 -
853 977 871 983 -
975 977 992 983 -
1083 974 1102 982 -

109 1044 213 1052 -—-—
247 1021 389 1073 capitis
429 1018 774 1072 perpendicularis
807 1019 912 1060 inter
949 1029 1064 1058 nares
1114 1039 1133 1046 -

109 1105 213 1114 ——
252 1086 358 1126 inter
391 1085 532 1124 oculos
634 1105 653 1113 -
753 1105 775 1114 -
870 1104 890 1111 -
987 1103 1006 1110 -
1103 1101 1125 1110 -

110 1172 213 1180 —‘—
247 1149 388 1201 capitis
425 1145 762 1200 perpendicularis
794 1146 900 1187 inter
933 1143 1074 1186 oculos
1106 1165 1123 1172 -

110 1235 214 1245 -——-
249 1213 468 1253 oculorum
567 1233 585 1239 -
686 1231 707 1238 -
807 1232 827 1240 -
927 1230 946 1238 -
1048 1228 1068 1237 -

106 1294 213 1305 --
248 1276 353 1315 inter
387 1273 511 1312 lineas
553 1271 735 1314 laterales
785 1273 832 1312 ad
883 1269 1161 1312 branchiarunt

959 1336 1135 1375 foramen
1216 1345 1255 1382 3.

111 1424 215 1433 —-——
250 1401 430 1454 corporis
466 1396 804 1452 perpendicularis
837 1398 986 1439 ibidem
1055 1420 1073 1426 -
1121 1419 1138 1426 -
1220 1410 1255 1444 5.

113 1487 218 1495 ——
253 1466 355 1504 inter
389 1464 510 1503 lineas
545 1462 724 1504 laterales
744 1464 791 1504 ad
812 1464 950 1516 pinnas
973 1462 1169 1504 ventralcs
1220 1473 1257 1510 3.

113 1548 220 1560 ·-—-
253 1528 431 1577 corporis
470 1526 802 1578 perpensjcularis
834 1528 981 1566 ibidem
1048 1547 1068 1556 -
1136 1546 1153 1553 —
1218 1532 1259 1566 6.

1224 1603 1244 1627 2

1224 1667 1250 1699 4

1230 1729 1242 1752 1

1226 1791 1262 1818 2.

1318 841 1354 871 4.

1320 895 1354 929 8.

1319 968 1355 999 4·

1310 1217 1359 1246 [Ο

1209 902 1254 1235 ΙΨΡΡΫΨ

116 1611 220 1619 -—--
256 1591 362 1628 inter
399 1590 524 1629 lineas
560 1588 744 1629 laterales
777 1591 823 1628 ad
857 1601 981 1628 anum
1049 1612 1067 1620 -
1132 1610 1149 1617 -

114 1674 221 1684 -—-
252 1653 434 1705 corporis
479 1651 818 1703 perpendicularis
853 1652 1001 1691 ibidem
1048 1673 1068 1680 -
1125 1673 1142 1680 -

118 1739 222 1747 -—-
259 1718 364 1756 inter
403 1716 522 1755 lncas
558 1714 742 1754 laterales
775 1719 819 1754 ad
855 1717 1020 1754 caudam
1062 1734 1081 1742 -
1128 1733 1144 1740 -

256 1780 439 1830 corporis
476 1779 812 1831 perpendicularis
850 1779 992 1819 ibidem
1048 1801 1066 1807 -
1117 1800 1132 1807 -

121 1865 226 1874 ——-—
258 1846 437 1896 corporis
469 1843 651 1896 perpend.
691 1844 897 1883 maximus
934 1844 1037 1882 inter
1088 1843 1167 1893 pin—

686 1919 751 1946 nas
789 1905 890 1946 Pec't.
928 1916 966 1945 et
1004 1906 1141 1946 Ventr.
1223 1910 1260 1943 6.
1326 1910 1366 1944 6.

122 1989 228 2001 —--
263 1992 365 1998 —--
399 1970 666 2012 transuersalis
700 1983 791 2010 max
814 1983 904 2010 nius
938 1970 1084 2010 ibidem
1130 1992 1144 1997 -
1224 1985 1263 2017 4·
1331 1990 1364 1997 -

275 2034 418 2076 Pondus·
476 2036 590 2075 Pilcis
652 2035 825 2075 dimensi
896 2037 1087 2088 adaequat
1159 2033 1388 2076 odiodecim

124 2096 244 2139 libras
280 2098 539 2140 medicinales.

273 2161 350 2203 Cor
382 2165 433 2203 sat
470 2176 694 2215 magnum,
729 2163 868 2204 exueste
923 2162 1180 2216 pyramidem
1234 2163 1391 2214 trique-

126 2233 229 2267 tram
268 2229 438 2268 referens
462 2259 472 2279 ‚
502 2230 708 2268 carnosum
743 2238 781 2268 et
818 2228 1014 2276 ssnc‘tmm
1048 2226 1124 2267 basi
1157 2227 1386 2269 antrorsum

188 2287 444 2333 Tom.XVI.
458 2292 744 2334 Nou.Comm.
933 2291 974 2334 Y
989 2304 1014 2344 y
1037 2302 1063 2344 y
1323 2287 1387 2329 seu

1319 1338 1362 1373 6.

1319 1401 1360 1437 6.

1330 1591 1350 1624 8

1328 1660 1364 1686 κ.

1324 1779 1363 1816 6.
