1852 2730
413 202 504 250 DE
557 201 1182 249 HERMAPHROmTo.
1346 218 1436 264 ⁵29

152 320 370 366 incisuram
407 320 560 378 glandis
591 317 660 375 (α)
681 354 692 374 ,
726 321 779 363 fic
811 320 932 363 libera
965 330 1007 363 et
1042 320 1257 363 commoda
1305 324 1439 374 aperi-

154 400 225 430 tur
262 390 326 429 via
362 388 500 430 semini
536 387 768 439 eiacularo,
819 388 926 441 qnod
961 401 1013 429 eo
1043 386 1188 428 fortius
1224 388 1439 439 erumpit,

152 466 233 507 quo
270 454 399 506 magis
436 465 507 505 per
543 452 643 493 hanc
680 453 984 505 elongationem
1018 446 1226 494 orificium
1250 452 1442 495 vrethrae

151 520 197 560 ad
234 518 539 558 extremitatem
578 518 828 568 angustatur.
892 518 967 559 His
1019 519 1088 560 {ub
1139 517 1440 559 conditionibus

152 583 263 625 facile
297 582 487 634 attingit,
521 581 733 622 orificium
772 582 901 629 vteri,
953 584 993 623 in
1027 582 1227 637 coituque
1273 585 1440 624 foecun-

153 650 206 689 do
242 649 306 688 sua
334 649 500 702 -peragit
533 647 680 687 officia.
749 649 858 688 Vana
896 648 1027 700 igitur
1080 648 1188 689 mihi
1244 648 1439 689 videntur

154 724 393 765 argumenta
427 725 447 752 a
487 710 591 751 mala
651 712 975 752 conformatione
1030 712 1143 765 penis
1188 713 1442 766 depromta,

151 778 296 831 quibus
345 777 580 818 sententiam
632 777 745 817 suam
799 776 1006 817 defendere
1059 786 1259 817 conantur
1323 776 1437 828 illi,

153 843 297 894 quibus
349 842 486 883 omnia
538 842 643 895 patri
701 841 743 881 in
803 843 1045 882 formatione
1081 841 1213 881 foetus
1245 842 1441 892 denegare

155 908 297 960 placet.
382 905 537 947 Nullus
589 906 702 946 enim
739 905 884 947 dubito
917 904 1042 946 huius
1071 906 1226 956 generis
1257 905 1439 946 obserua-

153 973 284 1012 tiones
319 984 396 1012 non
429 982 480 1012 ex
515 970 704 1012 amuffim
740 981 940 1012 enarratas
961 1000 974 1021 ,
1027 970 1266 1024 mirumque
1314 968 1435 1010 illum

152 1036 191 1076 in
227 1035 568 1080 obseruationibus
604 1035 790 1077 Naturae
825 1034 1152 1077 mechanismum
1200 1034 1438 1087 neglectum

151 1099 238 1141 esse.
307 1101 453 1143 Nostra
492 1112 616 1153 porro
650 1099 928 1141 obseruatione
964 1102 1088 1140 frctus
1122 1109 1164 1139 et
1198 1111 1218 1139 a
1254 1100 1439 1153 paruita-

149 1175 189 1205 te
242 1166 354 1220 pen'is
405 1164 574 1207 deducta
622 1175 864 1216 argumenta
914 1176 994 1205 non
1048 1162 1185 1214 magni
1231 1162 1435 1204 momenti

148 1231 368 1282 existimo;
422 1230 519 1282 quid
553 1230 667 1269 enim
706 1239 818 1270 vetat
850 1239 891 1269 et
927 1230 967 1268 in
1004 1227 1067 1268 his
1100 1230 1326 1281 supponere
1356 1239 1437 1267 va·-

145 1292 305 1334 lidioris
337 1291 640 1333 constitutionis
675 1293 882 1332 musculos
904 1323 916 1342 ‚
950 1292 1096 1344 quibus
1128 1291 1342 1332 eiaculatio
1377 1293 1436 1332 se-

145 1359 271 1399 minis
307 1358 556 1409 adiuuatur,
607 1366 649 1396 et
692 1354 906 1397 vrethram
943 1357 990 1396 ad
1037 1353 1247 1396 orificium
1305 1356 1435 1405 magis

144 1424 396 1473 angustatam
428 1454 440 1472 ,
489 1432 535 1462 vt
581 1422 738 1462 mirum
777 1418 901 1462 illum
939 1419 1047 1461 Vteri
1083 1419 1315 1461 descensum
1352 1419 1438 1460 cla-

147 1484 202 1525 ris
242 1487 343 1526 viris
373 1488 626 1527 obseruatum
667 1495 836 1525 taceam.

299 1548 476 1589 Seminis
525 1550 690 1602 eruptio
740 1549 882 1588 nostris
932 1561 1014 1589 non
1076 1549 1156 1590 fine
1217 1546 1435 1599 voluptate

149 1611 352 1663 contingit
387 1643 399 1663 ‚
465 1623 505 1654 et
557 1625 652 1652 cum
723 1612 898 1662 quadam
969 1624 1138 1653 amoena
1207 1610 1435 1664 pulsatione

150 1676 192 1715 in
259 1675 414 1727 glande.
514 1675 720 1715 Praeterea
755 1675 843 1714 sunt
913 1675 1030 1715 valde
1081 1675 1226 1715 ialaccs
1261 1684 1304 1714 et
1369 1685 1436 1714 ce-

150 1738 275 1780 lerius
343 1739 436 1793 ipsis
477 1740 678 1781 excitatur
727 1739 948 1791 voluptas;
998 1739 1055 1779 ast
1106 1748 1292 1792 tempore
1343 1738 1437 1790 plu-

148 1805 260 1845 vioso
308 1814 348 1844 et
401 1805 540 1846 lurido
591 1804 712 1856 friget
765 1802 930 1852 Venus3
978 1804 1150 1845 testiculi
1184 1803 1296 1843 enim
1336 1813 1434 1843 tunc

147 1867 412 1910 retrahuntur
449 1871 487 1909 in
543 1868 743 1921 inguina,
793 1866 933 1907 dolent
983 1877 1024 1908 et
1072 1877 1207 1908 totum
1266 1868 1435 1919 fatigant

146 1945 324 1986 corpus,
374 1943 559 1987 tempore
614 1946 713 1975 vero
766 1933 902 1973 sereno
952 1932 1106 1974 iterum
1162 1933 1204 1972 in
1257 1931 1434 1972 fiicculos

146 1999 266 2038 scroti
300 1998 534 2040 delabuntur
555 2031 567 2051 ,
601 1999 901 2054 pristinumque
933 1999 1097 2050 corpori
1141 1998 1311 2037 reddunt
1367 1997 1432 2036 vi·

145 2073 299 2114 gorem.
388 2064 511 2104 Vrina
564 2066 652 2107 cito
685 2061 928 2114 colligitur,
962 2064 1125 2115 citoque
1158 2062 1210 2103 ob
1259 2062 1433 2102 breuita-

147 2137 229 2167 tem
266 2126 453 2168 vrethrae
484 2129 671 2171 elabitur.
747 2127 871 2169 Vires
929 2127 1022 2181 ipsis
1078 2139 1155 2167 non
1208 2126 1432 2172 femineae,

143 2191 202 2233 sed
240 2193 429 2234 masculae
462 2204 502 2235 et
539 2195 584 2235 ad
603 2198 844 2236 exercendos
862 2192 1104 2234 colonorum
1126 2191 1275 2233 labores
1302 2200 1431 2242 aptae.

208 2254 585 2302 Tom.XVI.Nou.
599 2259 769 2303 Comm.
941 2259 986 2300 X
1005 2269 1032 2298 x
1052 2267 1082 2298 x
1324 2252 1432 2293 Haec
