1852 2730
486 192 571 234 DE
621 189 820 234 CORDE
872 189 1100 234 LEONIS.
1336 211 1421 250 475

154 317 250 347 cum
305 306 419 346 fiicies
474 306 696 360 posterior,
749 306 860 345 cuius
917 305 1158 360 respondens
1194 307 1355 348 inferior
1392 312 1428 350 in

156 370 322 411 homine
359 370 469 424 plana
506 372 588 422 est,
623 373 763 411 itidem
799 373 926 424 aiiqua
958 374 1215 412 connexitatc
1249 376 1427 424 gaudeat.

155 434 360 475 Praeterea
398 435 436 473 iu
477 435 554 486 ipsit
591 436 662 477 hac
697 436 902 488 superficie
936 436 1153 476 ventriculi
1202 440 1335 477 cordis
1388 441 1426 478 in

153 499 394 540 animalibus
438 511 560 552 aeque
595 513 637 541 ac
673 500 712 540 in
753 499 917 541 homine
955 502 1158 542 manifesto
1175 503 1427 553 distinguun-

153 574 222 604 tur
244 592 254 612 ‚
287 573 326 603 et
361 564 610 605 ventriculus
645 567 784 605 dexter
823 565 977 606 sinistro
1013 566 1176 606 notabili
1214 577 1324 619 parte
1360 567 1427 607 al—

152 629 233 667 tior
267 628 360 668 situs
396 627 446 668 est
471 657 481 676 ,
532 629 630 668 adeo
662 638 710 668 vt
747 627 894 670 sinister
947 630 1132 670 deorsum
1189 632 1428 683 prominens

150 693 258 732 solus
292 692 441 745 apicem
477 694 606 733 cordis
648 692 828 741 efficiat,
883 695 1101 746 dexterque
1150 696 1196 734 ad
1249 696 1424 736 eundem

149 756 208 796 nil
243 758 428 798 conserat.
499 757 604 797 Hinc
641 768 742 810 apex
778 757 909 797 cordis
946 768 1086 797 acutus
1120 769 1158 798 et
1196 768 1278 800 tota
1316 760 1425 810 figu-

149 832 189 859 ra
226 821 410 862 conoidea
432 850 443 870 ,
495 822 559 861 vel
598 821 637 860 in
672 820 839 861 homine
884 822 1175 863 semiconoidea
1198 850 1209 869 ,
1258 824 1423 871 oritur,-

147 897 242 925 cum
267 917 278 938 ‚
312 885 338 926 si
373 887 492 926 ambo
525 885 745 927 ventriculi
782 885 938 940 aequali
975 887 1062 926 iure
1096 887 1141 926 ad
1179 890 1423 927 extremita-

147 958 230 990 tem
266 963 385 1004 vsque
419 949 548 991 cordis
582 952 935 1004 producerentur,
985 949 1118 990 nullus
1151 961 1255 1003 apex
1290 963 1421 1003 angu-

145 1014 241 1055 stior
276 1015 364 1056 inde
385 1045 395 1065 ,
430 1028 497 1056 nec
531 1014 662 1066 figura
695 1016 882 1056 conoidea
915 1016 1061 1063 cordi,
1096 1014 1155 1055 sed
1190 1024 1331 1063 onata,
1353 1015 1420 1057 vel

142 1078 378 1121 subrutunda
412 1080 548 1134 potius
583 1079 842 1119 suboriretur.
932 1078 978 1119 In
1031 1078 1108 1118 fele
1163 1080 1420 1120 ventriculus

139 1143 283 1185 dexter
319 1146 391 1185 vix
427 1145 472 1185 ud
511 1143 722 1185 dimidiam
759 1141 1061 1193 longitudinem
1096 1142 1228 1181 cordis
1261 1143 1419 1183 descen-

136 1208 228 1258 dit;
283 1209 449 1248 dimidia
489 1208 612 1246 huius
644 1219 733 1260 pars
768 1207 935 1247 inferior
971 1218 1048 1246 vna
1081 1217 1178 1245 cum
1232 1207 1344 1260 apice
1395 1220 1417 1248 a

134 1270 219 1311 solo
254 1269 407 1311 finistro
440 1271 634 1310 efficitur.
703 1273 824 1322 Apex
858 1272 899 1310 in
943 1269 1010 1308 iila
1049 1269 1181 1308 multo
1214 1282 1337 1323 quam
1376 1271 1415 1310 in

135 1331 308 1374 homine
346 1333 507 1375 acutior
541 1334 625 1382 est,
678 1344 720 1374 et
756 1331 888 1384 figura
924 1332 1056 1372 cordis
1092 1331 1212 1384 longe
1267 1336 1415 1375 maiori

135 1397 220 1438 iure
254 1398 453 1440 conoidea
490 1399 627 1440 vocari
671 1397 809 1452 potest.
910 1397 1072 1437 Horum
1125 1397 1318 1437 omnium
1373 1399 1413 1437 in

133 1460 249 1502 leone
282 1462 383 1504 nihil
418 1463 666 1503 obseruatur.
730 1460 971 1514 Superficies
1005 1463 1186 1504 anterior
1220 1461 1336 1516 plana
1360 1462 1414 1503 cst

134 1535 259 1575 aeque
292 1537 333 1565 ac
369 1527 594 1578 posterior,
639 1517 688 1568 et>
715 1527 917 1577 margines
958 1526 1148 1578 vtrinque
1184 1527 1413 1568 formantur

135 1587 346 1639 aequales,
389 1590 550 1640 obtusi,
601 1591 661 1631 sed
698 1590 832 1629 minus
867 1590 992 1630 craffi.
1082 1591 1314 1630 Ventriculi
1370 1591 1412 1631 in

135 1649 330 1690 exteriori
369 1652 571 1704 superficie
604 1652 738 1691 cordis
772 1651 887 1692 nullo
923 1652 1047 1693 modo
1097 1652 1410 1705 distinguuntur.

135 1714 273 1754 Fibrae
307 1716 417 1755 enirn
440 1743 452 1764 ,
501 1729 599 1768 quae
633 1716 827 1768 parietem
865 1715 1081 1756 ventriculi
1118 1715 1247 1758 dextri
1296 1729 1410 1758 exte-

132 1780 281 1819 riorem
315 1781 566 1821 constituunt
589 1809 600 1829 ‚
634 1790 815 1831 quaeque
851 1778 892 1819 in
929 1778 1096 1820 homine
1118 1807 1129 1828 ,
1165 1782 1202 1820 iu
1238 1781 1335 1832 sele,
1367 1783 1408 1822 in

130 1854 223 1884 cane
247 1872 257 1892 ‚
291 1843 328 1882 in
365 1843 502 1883 vitulo
535 1858 556 1884 a
591 1855 703 1898 parte
738 1843 832 1895 septi
868 1843 1060 1884 anteriori
1092 1844 1303 1895 oriuntur,
1336 1847 1408 1888 ibi-

130 1920 206 1961 que
242 1921 262 1948 ιι
296 1906 405 1948 fibris
438 1908 580 1949 finistri
616 1906 835 1948 ventriculi
874 1920 942 1960 per
997 1908 1149 1947 rimam
1202 1911 1316 1963 adipe
1365 1920 1406 1952 et

130 1971 232 2011 vasis
284 1970 510 2025 repletam,
559 1971 893 2023 distinguuntur3
945 1971 1018 2012 hae
1063 1969 1181 2012 fibrae
1215 1976 1254 2014 in
1289 1974 1403 2016 leone

128 2037 267 2087 potius
301 2039 624 2078 continuationes
655 2035 730 2077 effe
782 2037 973 2077 videntur
1025 2035 1220 2079 fibrarum
1275 2049 1403 2079 trans-

127 2101 345 2141 versalium
383 2103 603 2143 ventriculi
641 2100 782 2142 sinistri
807 2130 818 2150 ,
852 2101 981 2151 adeo,
1020 2112 1064 2143 vt
1102 2113 1268 2157 vterque
1302 2117 1403 2144 vcn-

126 2165 302 2206 triculus
333 2178 414 2209 vno
446 2166 661 2210 communi
705 2165 824 2207 strato
876 2160 1071 2208 fibrarum
1095 2195 1106 2217 ,
1158 2169 1400 2209 transuersa-

694 2232 824 2274 Ooo
861 2245 884 2272 2
1295 2233 1397 2271 lium
