1852 2730
236 767 321 803 Tab.
351 772 406 803 Vl.

234 822 302 864 Fig.
336 827 393 866 85.

450 195 537 234 332
844 181 958 224 DE
1027 179 1293 223 MOTV

443 310 532 342 toto
592 299 725 353 pulsus
784 297 1004 340 interuallo
1059 297 1225 337 densitas
1275 295 1375 336 aeris
1427 297 1603 339 naturali
1660 298 1713 341 est

440 367 571 406 maior
613 397 624 415 ,
678 363 876 416 simulque
944 361 1120 412 singulae
1173 361 1273 401 aeris
1327 362 1544 413 particulae
1601 374 1715 405 motu

441 430 579 471 versus
621 429 653 469 B
707 429 861 467 directo
912 424 987 465 sint
1038 426 1423 482 praeditaepquod
1476 424 1504 466 fi
1556 430 1716 470 eueniat

437 495 635 546 postrema
673 491 808 542 pulsus
838 490 1038 542 particula
1071 502 1123 531 ex
1177 489 1217 532 Y
1274 490 1313 529 in
1341 503 1366 537 y
1399 490 1477 529 erit
1529 490 1716 532 translata

438 568 484 597 vt
521 556 566 595 sit
601 554 817 605 spatiolum
859 553 936 605 Yy
958 566 1009 594 :z
1042 566 1152 596 areae
1185 550 1285 595 XZ
1311 553 1348 594 Y
1374 584 1384 604 ‚
1437 554 1513 595 hoc
1566 553 1717 596 scilicet

437 621 524 658 casu
561 619 762 659 vniuersus
796 619 864 658 a'e‘r
899 619 983 671 post
1020 618 1181 673 pulsnm
1216 617 1261 658 ab
1294 619 1513 670 agitatione
1558 631 1715 672 praece·

437 683 553 723 dente
593 695 662 736 per
720 693 879 723 tanturn
936 682 1149 735 spatiolurn
1201 682 1402 723 successisse
1451 684 1505 723 cil
1558 683 1719 724 inteni-

438 748 603 798 gendus.
671 747 791 804 <Qiod
830 746 857 788 si
903 747 992 787 tans
1043 746 1219 792 sncccssu)
1271 760 1351 787 iion
1406 749 1614 800 contingat
1665 757 1712 790 vt

438 812 640 865 postrema
675 812 805 864 pulsus
842 813 1033 865 particula
1086 815 1127 856 Y
1171 818 1212 855 in
1270 815 1362 855 loco
1414 817 1484 856 sno
1541 814 1715 856 naturali

437 875 628 929 persistat,
662 889 784 917 curua
822 877 865 916 X
887 875 923 917 Z
947 879 986 919 Y
1021 879 1282 930 agitationem
1319 878 1503 919 exhibens
1548 880 1603 919 ita
1636 880 1716 920 erit

436 951 673 994 coniparata
710 952 756 983 vt
791 943 944 995 partun
979 946 1093 996 supra
1129 944 1280 996 partun
1336 944 1436 983 infin
1494 955 1614 983 axem]
1668 942 1716 984 fit

436 1003 619 1056 disposita
643 1036 654 1054 ,
700 1007 863 1059 eiusque
886 1013 889 1014 ’
915 1019 1003 1047 area
1063 1009 1247 1060 negatiua
1299 1007 1338 1047 Y
1361 1004 1408 1048 ΖΙ
1429 1008 1467 1048 Ο
1520 1006 1715 1060 positiuae

438 1068 481 1107 X
504 1065 539 1108 Z
561 1069 600 1110 Ο
635 1067 705 1110 fiat
741 1068 926 1123 aequalis,
1000 1069 1116 1112 Tum
1153 1073 1277 1123 igitur
1310 1071 1338 1111 fi
1390 1084 1478 1125 pars
1535 1071 1716 1125 superior

438 1136 672 1185 antecedat5
723 1135 768 1176 ad
810 1147 950 1177 aureni
986 1137 1099 1189 prius
1133 1139 1378 1190 perferentur
1433 1136 1532 1176 a<ris
1589 1135 1714 1188 parti-

440 1196 555 1238 culae
589 1199 762 1239 naturali
798 1199 996 1242 densiores
1033 1211 1073 1241 et
1106 1201 1146 1239 in
1182 1200 1345 1252 plagam
1379 1198 1414 1240 B
1450 1210 1597 1248 motae,
1630 1198 1715 1251 post

438 1273 539 1300 vero
591 1263 804 1313 sequentur
860 1262 1080 1316 particulae
1134 1273 1332 1312 rarloreS‚
1384 1273 1546 1301 motum
1600 1271 1710 1300 retro

440 1323 644 1363 dircc'tum
683 1323 874 1365 habentes
943 1326 1010 1365 Ex
1045 1338 1126 1378 quo
1159 1323 1480 1365 concludendum
1517 1323 1678 1363 videtur
1700 1354 1712 1372 ,

437 1384 634 1426 estentusse
670 1387 858 1427 sbnoruni
893 1388 1104 1429 dncrnnen
1139 1388 1179 1426 in
1217 1386 1294 1428 lioc
1342 1388 1416 1428 esse
1463 1388 1712 1427 constituen-

438 1449 538 1489 dum
562 1481 572 1498 ,
608 1460 728 1502 prout
762 1463 852 1504 pars
883 1452 1065 1505 superior
1101 1453 1141 1491 X
1163 1448 1258 1490 ΖΟ
1291 1451 1356 1491 vel
1390 1453 1593 1503 praecedat
1644 1449 1710 1489 vel

438 1514 637 1565 sequatur.
701 1514 743 1556 Si
778 1517 962 1556 eueniret
996 1526 1044 1555 vt
1076 1513 1172 1554 haec
1207 1526 1330 1553 curua
1366 1523 1426 1553 ter
1476 1513 1542 1552 vel
1592 1513 1712 1563 quin-

435 1577 549 1629 quies
581 1589 698 1617 axem
735 1579 777 1618 X
798 1578 839 1619 Y
872 1580 1047 1628 secaret,
1098 1577 1189 1617 inde
1226 1576 1307 1616 fine
1340 1577 1460 1616 dubio
1494 1574 1712 1629 peculiares

437 1640 665 1681 affectiones
711 1641 752 1681 in
797 1642 940 1683 sonum
993 1642 1268 1683 redundarent.
1349 1639 1520 1693 Semper
1570 1649 1710 1678 autem

440 1702 570 1755 figura
605 1704 725 1745 huius
755 1717 897 1747 curuae
930 1705 1093 1756 XZY,
1129 1706 1314 1745 maxime
1348 1704 1549 1745 essentiale
1569 1702 1712 1744 discri-

440 1780 534 1808 men
574 1768 762 1809 sonorum
799 1771 1086 1823 repraesentare
1119 1769 1174 1809 est
1194 1769 1405 1818 censenda3
1439 1780 1487 1808 eo
1509 1767 1710 1808 nimirum

434 1831 664 1873 discrimine
700 1842 859 1874 remoto
893 1835 1038 1887 quoda
1058 1831 1288 1874 successione
1310 1831 1493 1882 plurium
1517 1829 1708 1884 pulsuum

435 1897 715 1948 proficiscitur.
781 1897 1023 1951 Quanquam
1053 1905 1188 1936 autem
1226 1893 1317 1932 hacc
1352 1906 1402 1933 cx
1444 1895 1524 1935 sola
1576 1893 1707 1933 consi-

434 1959 640 2000 deratione
675 1960 867 2000 tuborum
915 1972 1035 2013 aeque
1085 1957 1317 2008 amplorum
1371 1959 1457 1997 sinit
1507 1957 1708 2008 deduc'hi,

435 2029 567 2062 tamen
608 2023 741 2062 multo
774 2022 892 2062 latius
928 2030 1094 2076 patent,
1145 2030 1183 2059 et
1239 2031 1307 2070 per
1361 2034 1403 2060 ea
1455 2032 1551 2073 quae
1601 2022 1706 2061 circa

446 2086 559 2126 tubos
592 2085 850 2138 inaequaliter
885 2086 1045 2140 amplos
1066 2083 1311 2138 perscrutari
1334 2083 1466 2123 licebit
1486 2083 1706 2124 confirma-

436 2149 604 2190 buntur.

1514 2208 1707 2253 CAPVT
