1852 2730
411 194 502 233 314
819 182 936 224 DE
1005 179 1267 222 MOTV

408 296 575 348 quidem
612 293 693 338 SZ
731 296 927 335 fortitudo
975 295 1037 334 seu
1091 290 1349 333 vehementia
1408 293 1494 335 soni
1547 295 1688 348 pende-

409 370 452 398 re
490 361 647 400 videtur
684 364 819 413 quales
855 369 991 397 autem
1028 359 1240 406 qualitates
1287 357 1455 409 reliquis
1505 361 1689 411 proprie·

415 425 561 463 tutibus
596 424 749 474 figurae
787 422 825 461 Y
848 421 884 461 Z
909 421 945 461 X
982 420 1249 471 respondeant
1285 419 1392 460 haud
1430 421 1516 461 latis
1552 423 1689 474 liquem

415 485 453 525 id
491 487 625 526 {altem
663 486 922 537 perspicuum
958 485 1009 525 est
1047 483 1251 524 infinitam
1289 488 1364 525 scre
1405 490 1594 526 sonorum
1620 498 1687 525 va-

413 551 594 589 rietatem
637 548 729 587 hinc
763 551 959 602 explicari
995 550 1164 598 debere3
1214 550 1441 590 cuiusmodi
1480 550 1570 590 sunt
1607 550 1690 589 soni

412 613 580 652 diuerlas
633 613 787 652 litteras
840 611 993 653 vocales
1047 626 1088 659 a,
1121 625 1155 663 e,
1188 614 1216 663 i,
1248 625 1283 662 o,
1316 627 1340 654 u
1386 616 1692 667 exprimentes,

413 675 591 728 alzaetflue
626 678 861 717 innumerae
895 677 1151 717 differentiae.
1220 678 1376 718 Deinde
1418 680 1541 718 etiam
1589 678 1694 718 ratio

411 737 624 790 fingularis
662 741 934 793 phaenomeni
970 739 1098 780 adhuc
1135 753 1212 779 non
1246 741 1432 792 explicati
1480 740 1573 781 hinc
1628 742 1692 780 in-

415 804 623 855 telligitur
645 834 656 853 ‚
689 807 899 857 quomodo
934 803 1002 843 fiat
1023 835 1035 853 ,
1069 815 1116 844 vt
1151 803 1176 843 s1
1212 806 1382 856 agitatio
1415 804 1507 845 YZ
1531 807 1568 844 X
1606 815 1693 842 tan—

413 879 536 920 quam
591 869 756 908 initialis
805 868 1112 917 consideretur,
1162 880 1204 907 ea
1260 879 1418 908 tantum
1471 870 1511 908 in
1569 877 1694 906 vnam

419 930 581 983 plagam
618 931 653 972 B
690 932 863 973 vlterius
902 943 1180 985 propagetur,
1236 943 1361 983 neque
1420 932 1525 972 vllos·
1569 941 1696 971 nouos

417 996 554 1047 pullus
588 1007 702 1036 retro
737 999 872 1036 versus
915 997 952 1036 A
1006 998 1165 1036 excitet.
1256 995 1454 1035 Videmus
1505 996 1614 1034 enim
1667 992 1694 1034 fi

418 1058 501 1111 ipse
532 1059 667 1112 pulsus
703 1060 867 1099 initialis
902 1058 939 1101 G
965 1059 1002 1099 H
1038 1061 1118 1099 iam
1157 1059 1208 1097 ita
1264 1058 1354 1098 esset
1407 1069 1664 1111 comparatus
1687 1087 1698 1108 ‚

419 1131 467 1161 vt
500 1124 611 1163 binae
644 1122 766 1162 scalae
803 1125 905 1163 inter
941 1123 975 1163 se
1010 1123 1309 1173 conuenirent,
1349 1124 1697 1175 quemadmodum

423 1184 472 1225 fit
510 1188 550 1226 in
587 1185 763 1240 pulsibus
798 1187 1059 1240 propagatis,
1111 1197 1203 1226 tum
1237 1188 1359 1226 etiam
1399 1187 1553 1227 nullam
1601 1197 1696 1238 pro·

423 1250 683 1300 pagationem
723 1251 762 1288 in
796 1250 956 1300 plagam
996 1256 1030 1288 A
1069 1251 1143 1289 effe
1179 1255 1414 1289 lecutnram.
1484 1247 1698 1296 Imprimis

423 1312 547 1350 etiam
587 1313 650 1351 hic
685 1314 906 1351 notandum
945 1312 1031 1362 est,
1082 1313 1237 1351 eosdem
1278 1312 1412 1363 pullus
1463 1320 1700 1363 propagatos

425 1385 477 1414 ex
514 1374 683 1415 infinitis
720 1373 892 1426 pulsibus
931 1372 1150 1413 initialibus
1183 1375 1279 1413 oriri
1319 1372 1420 1427 poffe
1444 1403 1455 1419 ‚
1506 1374 1697 1425 quoniam

431 1435 604 1477 infinitis
639 1439 770 1478 modis
805 1450 855 1477 ex
890 1438 989 1476 binis
1024 1437 1134 1477 scalis
1165 1437 1329 1477 diuerfis
1366 1435 1500 1487 pulsus
1536 1437 1699 1475 initialis

432 1497 469 1541 G
495 1501 558 1550 H,
590 1502 728 1542 eadem
767 1503 864 1542 scala
900 1514 973 1554 pro
1009 1500 1183 1547 pulsibus
1218 1499 1446 1551 propagatis
1481 1498 1521 1538 Y
1543 1500 1584 1536 X
1607 1511 1701 1549 pro·

428 1565 519 1604 duci
556 1566 682 1616 potest
703 1595 714 1612 ‚
746 1566 848 1605 vnde
882 1577 960 1603 non
999 1564 1155 1602 mirum
1193 1563 1221 1603 fi
1257 1565 1367 1616 taepe
1399 1561 1576 1601 diuertae
1607 1572 1703 1601 cau·

431 1628 488 1667 sae
523 1627 673 1670 similes
705 1632 818 1670 lonos
853 1628 1047 1669 efficiunt.

805 1733 1212 1793 SchoHon
1284 1754 1327 1805 ᾳ

233 1845 391 1882 Tab.V.
587 1833 662 1874 37.
715 1823 916 1865 Hactenus
965 1825 1132 1864 vnicum
1191 1832 1347 1861 tantum
1402 1820 1568 1874 pulsum
1615 1820 1702 1859 sum

235 1899 307 1942 Fig.
338 1902 396 1945 7⁸·
431 1887 731 1940 contemplatus
767 1900 894 1941 neque
930 1896 1139 1941 propterea
1178 1888 1223 1923 nd
1258 1896 1320 1923 eas
1373 1884 1562 1924 sonorum
1613 1887 1704 1923 afle—

437 1952 590 1992 &iones
625 1952 813 2002 respexi,
864 1963 963 2003 quae
994 1962 1044 1990 ex
1079 1947 1312 1989 succeffione
1345 1957 1385 1987 et
1423 1949 1562 1987 ordine
1614 1947 1707 1999 plu-

438 2016 550 2052 rium
587 2015 780 2067 pulsuum
819 2016 1067 2062 nascuntur,
1119 2011 1256 2063 quales
1302 2011 1391 2049 sunt
1442 2011 1617 2061 grauitas
1668 2019 1708 2050 et

439 2087 640 2124 acumen;
674 2087 723 2115 ex
756 2088 838 2128 quo
867 2079 975 2118 fonte
1010 2076 1094 2117 soni
1128 2077 1247 2114 etiam
1285 2074 1486 2113 infinitam
1536 2074 1708 2114 varieta-

444 2149 532 2181 tem
568 2140 854 2193 adipiscuntur.
933 2140 1140 2194 Quoniam
1174 2152 1276 2181 vero
1307 2136 1372 2180 hic
1414 2151 1494 2180 non
1544 2139 1710 2178 vniuer-

1628 2203 1708 2241 snm
