<?xml version="1.0" encoding="UTF-8"?>
<!DOCTYPE html PUBLIC "-//W3C//DTD XHTML 1.0 Transitional//EN"
    "http://www.w3.org/TR/xhtml1/DTD/xhtml1-transitional.dtd">
<html xmlns="http://www.w3.org/1999/xhtml" xml:lang="en" lang="en">
 <head>
  <title>
</title>
<meta http-equiv="Content-Type" content="text/html;charset=utf-8" />
  <meta name='ocr-system' content='tesseract 3.04.00' />
  <meta name='ocr-capabilities' content='ocr_page ocr_carea ocr_par ocr_line ocrx_word'/>
</head>
<body>
  <div class='ocr_page' id='page_1' title='image "./novicommentariac16impe_0408.png"; bbox 0 0 1852 2730; ppageno 0'>
   <div class='ocr_carea' id='block_1_1' title="bbox 427 154 1287 209">
    <p class='ocr_par' dir='ltr' id='par_1_1' title="bbox 427 154 1287 209">
     <span class='ocr_line' id='line_1_1' title="bbox 427 154 1287 209; baseline -0.005 -8"><span class='ocrx_word' id='word_1_1' title='bbox 427 161 514 209; x_wconf 73' lang='grc'>338</span> <span class='ocrx_word' id='word_1_2' title='bbox 828 155 945 201; x_wconf 89' lang='lat' dir='ltr'>DE</span> <span class='ocrx_word' id='word_1_3' title='bbox 1012 154 1287 198; x_wconf 80' lang='lat' dir='ltr'>MOTV</span> 
     </span>
    </p>
   </div>
   <div class='ocr_carea' id='block_1_2' title="bbox 418 265 1695 644">
    <p class='ocr_par' dir='ltr' id='par_1_2' title="bbox 418 265 1695 644">
     <span class='ocr_line' id='line_1_2' title="bbox 424 265 1693 318; baseline 0.006 -7"><span class='ocrx_word' id='word_1_4' title='bbox 424 280 583 311; x_wconf 83' lang='lat' dir='ltr'>tentum</span> <span class='ocrx_word' id='word_1_5' title='bbox 618 273 740 314; x_wconf 76' lang='lat' dir='ltr'>etlam</span> <span class='ocrx_word' id='word_1_6' title='bbox 788 280 902 311; x_wconf 86' lang='lat' dir='ltr'>motu</span> <span class='ocrx_word' id='word_1_7' title='bbox 943 265 1192 310; x_wconf 81' lang='lat' dir='ltr'>oscillatorio</span> <span class='ocrx_word' id='word_1_8' title='bbox 1243 268 1451 310; x_wconf 88' lang='lat' dir='ltr'>imbutum</span> <span class='ocrx_word' id='word_1_9' title='bbox 1497 274 1693 318; x_wconf 89' lang='lat' dir='ltr'>continuo</span> 
     </span>
     <span class='ocr_line' id='line_1_3' title="bbox 421 331 1694 389; baseline 0.003 -15"><span class='ocrx_word' id='word_1_10' title='bbox 421 347 472 374; x_wconf 83' lang='lat' dir='ltr'>ex</span> <span class='ocrx_word' id='word_1_11' title='bbox 507 336 603 375; x_wconf 87' lang='lat' dir='ltr'>tubo</span> <span class='ocrx_word' id='word_1_12' title='bbox 638 335 801 389; x_wconf 77' lang='lat' dir='ltr'>expelli,</span> <span class='ocrx_word' id='word_1_13' title='bbox 833 334 963 387; x_wconf 82' lang='lat' dir='ltr'>sicque</span> <span class='ocrx_word' id='word_1_14' title='bbox 999 344 1048 372; x_wconf 88' lang='lat' dir='ltr'>eo</span> <span class='ocrx_word' id='word_1_15' title='bbox 1079 331 1234 371; x_wconf 77' lang='lat' dir='ltr'>facilius</span> <span class='ocrx_word' id='word_1_16' title='bbox 1271 335 1607 386; x_wconf 78' lang='lat' dir='ltr'>propagationem</span> <span class='ocrx_word' id='word_1_17' title='bbox 1649 341 1694 383; x_wconf 82' lang='lat' dir='ltr'>in</span> 
     </span>
     <span class='ocr_line' id='line_1_4' title="bbox 420 396 1695 456; baseline 0.003 -18"><span class='ocrx_word' id='word_1_18' title='bbox 420 401 513 439; x_wconf 78' lang='lat' dir='ltr'>ae&#39;re</span> <span class='ocrx_word' id='word_1_19' title='bbox 545 410 713 440; x_wconf 81' lang='lat' dir='ltr'>externo</span> <span class='ocrx_word' id='word_1_20' title='bbox 748 399 888 446; x_wconf 85' lang='lat' dir='ltr'>effici‚·</span> <span class='ocrx_word' id='word_1_21' title='bbox 923 396 1096 448; x_wconf 86' lang='lat' dir='ltr'>huicque</span> <span class='ocrx_word' id='word_1_22' title='bbox 1127 396 1263 436; x_wconf 81' lang='lat' dir='ltr'>causae</span> <span class='ocrx_word' id='word_1_23' title='bbox 1296 396 1369 436; x_wconf 84' lang='lat' dir='ltr'>esse</span> <span class='ocrx_word' id='word_1_24' title='bbox 1406 398 1659 442; x_wconf 88' lang='lat' dir='ltr'>tribuendum</span> <span class='ocrx_word' id='word_1_25' title='bbox 1681 435 1695 456; x_wconf 90' lang='lat'>,</span> 
     </span>
     <span class='ocr_line' id='line_1_5' title="bbox 421 459 1693 516; baseline 0.006 -14"><span class='ocrx_word' id='word_1_26' title='bbox 421 464 526 516; x_wconf 83' lang='lat' dir='ltr'>quod</span> <span class='ocrx_word' id='word_1_27' title='bbox 566 464 730 504; x_wconf 77' lang='lat' dir='ltr'>ceffante</span> <span class='ocrx_word' id='word_1_28' title='bbox 764 460 972 500; x_wconf 77' lang='lat' dir='ltr'>inflatione</span> <span class='ocrx_word' id='word_1_29' title='bbox 1007 463 1117 500; x_wconf 71' lang='lat' dir='ltr'>tonus</span> <span class='ocrx_word' id='word_1_30' title='bbox 1151 459 1280 499; x_wconf 88' lang='lat' dir='ltr'>subito</span> <span class='ocrx_word' id='word_1_31' title='bbox 1304 472 1464 515; x_wconf 90' lang='lat' dir='ltr'>quoque</span> <span class='ocrx_word' id='word_1_32' title='bbox 1484 463 1693 516; x_wconf 77' lang='lat' dir='ltr'>extingua-</span> 
     </span>
     <span class='ocr_line' id='line_1_6' title="bbox 419 520 1694 572; baseline -0.005 -6"><span class='ocrx_word' id='word_1_33' title='bbox 419 537 489 566; x_wconf 87' lang='lat' dir='ltr'>tur</span> <span class='ocrx_word' id='word_1_34' title='bbox 523 536 618 565; x_wconf 88' lang='lat' dir='ltr'>cum</span> <span class='ocrx_word' id='word_1_35' title='bbox 655 535 786 565; x_wconf 80' lang='lat' dir='ltr'>tamen</span> <span class='ocrx_word' id='word_1_36' title='bbox 824 525 1042 565; x_wconf 70' lang='lat' dir='ltr'>secundum</span> <span class='ocrx_word' id='word_1_37' title='bbox 1077 520 1303 562; x_wconf 80' lang='lat' dir='ltr'>Theoriam</span> <span class='ocrx_word' id='word_1_38' title='bbox 1348 535 1487 568; x_wconf 86' lang='lat' dir='ltr'>motus</span> <span class='ocrx_word' id='word_1_39' title='bbox 1534 528 1694 572; x_wconf 82' lang='lat' dir='ltr'>oscilla.</span> 
     </span>
     <span class='ocr_line' id='line_1_7' title="bbox 418 587 1348 644; baseline 0.002 -16"><span class='ocrx_word' id='word_1_40' title='bbox 418 589 545 629; x_wconf 84' lang='lat' dir='ltr'>torius</span> <span class='ocrx_word' id='word_1_41' title='bbox 579 589 618 628; x_wconf 89' lang='lat' dir='ltr'>in</span> <span class='ocrx_word' id='word_1_42' title='bbox 657 589 741 644; x_wconf 84' lang='lat' dir='ltr'>ipso</span> <span class='ocrx_word' id='word_1_43' title='bbox 776 587 871 631; x_wconf 86' lang='lat' dir='ltr'>tubo</span> <span class='ocrx_word' id='word_1_44' title='bbox 903 589 970 630; x_wconf 85' lang='lat' dir='ltr'>diu</span> <span class='ocrx_word' id='word_1_45' title='bbox 1008 588 1152 630; x_wconf 79' lang='lat' dir='ltr'>durare</span> <span class='ocrx_word' id='word_1_46' title='bbox 1182 587 1348 630; x_wconf 86' lang='lat' dir='ltr'>deberet.</span> 
     </span>
    </p>
   </div>
   <div class='ocr_carea' id='block_1_3' title="bbox 772 698 1332 776">
    <p class='ocr_par' dir='ltr' id='par_1_3' title="bbox 772 698 1332 776">
     <span class='ocr_line' id='line_1_8' title="bbox 772 698 1332 776; baseline 0.004 -19"><span class='ocrx_word' id='word_1_47' title='bbox 772 698 1195 758; x_wconf 86' lang='lat' dir='ltr'>Scholion</span> <span class='ocrx_word' id='word_1_48' title='bbox 1282 722 1332 776; x_wconf 76' lang='lat'>3.</span> 
     </span>
    </p>
   </div>
   <div class='ocr_carea' id='block_1_4' title="bbox 402 788 1693 2231">
    <p class='ocr_par' dir='ltr' id='par_1_4' title="bbox 402 788 1693 2182">
     <span class='ocr_line' id='line_1_9' title="bbox 567 788 1692 842; baseline 0.004 -12"><span class='ocrx_word' id='word_1_49' title='bbox 567 794 644 838; x_wconf 82' lang='lat'>65.</span> <span class='ocrx_word' id='word_1_50' title='bbox 697 788 762 831; x_wconf 84' lang='lat' dir='ltr'>Sic</span> <span class='ocrx_word' id='word_1_51' title='bbox 812 791 981 842; x_wconf 84' lang='lat' dir='ltr'>quidem</span> <span class='ocrx_word' id='word_1_52' title='bbox 1033 788 1311 842; x_wconf 78' lang='lat' dir='ltr'>intelligitur,</span> <span class='ocrx_word' id='word_1_53' title='bbox 1360 801 1434 831; x_wconf 89' lang='lat' dir='ltr'>cur</span> <span class='ocrx_word' id='word_1_54' title='bbox 1485 790 1692 836; x_wconf 80' lang='lat' dir='ltr'>inflatione</span> 
     </span>
     <span class='ocr_line' id='line_1_10' title="bbox 417 853 1693 909; baseline 0.002 -14"><span class='ocrx_word' id='word_1_55' title='bbox 417 853 583 896; x_wconf 77' lang='lat' dir='ltr'>cessante</span> <span class='ocrx_word' id='word_1_56' title='bbox 606 853 723 895; x_wconf 80' lang='lat' dir='ltr'>tibiae</span> <span class='ocrx_word' id='word_1_57' title='bbox 761 853 919 894; x_wconf 86' lang='lat' dir='ltr'>nullum</span> <span class='ocrx_word' id='word_1_58' title='bbox 958 855 1140 909; x_wconf 81' lang='lat' dir='ltr'>amplius</span> <span class='ocrx_word' id='word_1_59' title='bbox 1172 855 1316 896; x_wconf 84' lang='lat' dir='ltr'>sonum</span> <span class='ocrx_word' id='word_1_60' title='bbox 1352 855 1484 906; x_wconf 84' lang='lat' dir='ltr'>edant,</span> <span class='ocrx_word' id='word_1_61' title='bbox 1515 868 1693 897; x_wconf 82' lang='lat' dir='ltr'>verum·</span> 
     </span>
     <span class='ocr_line' id='line_1_11' title="bbox 419 919 1692 971; baseline 0 -12"><span class='ocrx_word' id='word_1_62' title='bbox 419 930 552 960; x_wconf 81' lang='lat' dir='ltr'>tamen</span> <span class='ocrx_word' id='word_1_63' title='bbox 590 920 630 959; x_wconf 91' lang='lat' dir='ltr'>in</span> <span class='ocrx_word' id='word_1_64' title='bbox 662 930 808 970; x_wconf 82' lang='lat' dir='ltr'><strong>genere</strong></span> <span class='ocrx_word' id='word_1_65' title='bbox 829 949 840 970; x_wconf 92' lang='lat'>‚</span> <span class='ocrx_word' id='word_1_66' title='bbox 873 921 1035 971; x_wconf 85' lang='lat' dir='ltr'>quando</span> <span class='ocrx_word' id='word_1_67' title='bbox 1067 920 1172 959; x_wconf 88' lang='lat' dir='ltr'>idem</span> <span class='ocrx_word' id='word_1_68' title='bbox 1207 932 1274 961; x_wconf 87' lang='lat' dir='ltr'>aer</span> <span class='ocrx_word' id='word_1_69' title='bbox 1309 919 1351 960; x_wconf 90' lang='lat' dir='ltr'>in</span> <span class='ocrx_word' id='word_1_70' title='bbox 1386 920 1483 960; x_wconf 91' lang='lat' dir='ltr'>tubo</span> <span class='ocrx_word' id='word_1_71' title='bbox 1518 928 1658 961; x_wconf 82' lang='lat' dir='ltr'>manet</span> <span class='ocrx_word' id='word_1_72' title='bbox 1679 948 1692 971; x_wconf 89' lang='lat'>,</span> 
     </span>
     <span class='ocr_line' id='line_1_12' title="bbox 417 983 1691 1036; baseline 0.002 -14"><span class='ocrx_word' id='word_1_73' title='bbox 417 984 523 1023; x_wconf 84' lang='lat' dir='ltr'>ratio</span> <span class='ocrx_word' id='word_1_74' title='bbox 557 984 693 1023; x_wconf 81' lang='lat' dir='ltr'>minus</span> <span class='ocrx_word' id='word_1_75' title='bbox 726 983 780 1023; x_wconf 86' lang='lat' dir='ltr'>est</span> <span class='ocrx_word' id='word_1_76' title='bbox 815 984 1052 1036; x_wconf 79' lang='lat' dir='ltr'>perspicua,</span> <span class='ocrx_word' id='word_1_77' title='bbox 1101 993 1175 1022; x_wconf 88' lang='lat' dir='ltr'>cur</span> <span class='ocrx_word' id='word_1_78' title='bbox 1230 993 1370 1024; x_wconf 87' lang='lat' dir='ltr'>motus</span> <span class='ocrx_word' id='word_1_79' title='bbox 1417 983 1691 1025; x_wconf 84' lang='lat' dir='ltr'>oscillatorius</span> 
     </span>
     <span class='ocr_line' id='line_1_13' title="bbox 417 1044 1692 1101; baseline 0.002 -15"><span class='ocrx_word' id='word_1_80' title='bbox 417 1046 459 1086; x_wconf 90' lang='lat' dir='ltr'>in</span> <span class='ocrx_word' id='word_1_81' title='bbox 493 1059 543 1087; x_wconf 89' lang='lat' dir='ltr'>eo</span> <span class='ocrx_word' id='word_1_82' title='bbox 578 1058 678 1086; x_wconf 87' lang='lat' dir='ltr'>mox</span> <span class='ocrx_word' id='word_1_83' title='bbox 712 1044 1014 1098; x_wconf 65' lang='lat' dir='ltr'>extinguatur?</span> <span class='ocrx_word' id='word_1_84' title='bbox 1046 1056 1086 1086; x_wconf 91' lang='lat' dir='ltr'>et</span> <span class='ocrx_word' id='word_1_85' title='bbox 1117 1058 1190 1087; x_wconf 84' lang='lat' dir='ltr'>cur</span> <span class='ocrx_word' id='word_1_86' title='bbox 1232 1047 1274 1087; x_wconf 83' lang='lat' dir='ltr'>in</span> <span class='ocrx_word' id='word_1_87' title='bbox 1325 1045 1476 1088; x_wconf 81' lang='lat' dir='ltr'>casibus</span> <span class='ocrx_word' id='word_1_88' title='bbox 1527 1060 1692 1101; x_wconf 86' lang='lat' dir='ltr'>praece·</span> 
     </span>
     <span class='ocr_line' id='line_1_14' title="bbox 415 1109 1692 1166; baseline 0.001 -16"><span class='ocrx_word' id='word_1_89' title='bbox 415 1111 545 1150; x_wconf 87' lang='lat' dir='ltr'>dentis</span> <span class='ocrx_word' id='word_1_90' title='bbox 580 1109 724 1162; x_wconf 86' lang='lat' dir='ltr'>capitis</span> <span class='ocrx_word' id='word_1_91' title='bbox 759 1112 996 1163; x_wconf 83' lang='lat' dir='ltr'>neutiquam</span> <span class='ocrx_word' id='word_1_92' title='bbox 1035 1119 1098 1151; x_wconf 90' lang='lat' dir='ltr'>tot</span> <span class='ocrx_word' id='word_1_93' title='bbox 1134 1109 1247 1151; x_wconf 76' lang='lat' dir='ltr'>vocis</span> <span class='ocrx_word' id='word_1_94' title='bbox 1280 1111 1539 1164; x_wconf 83' lang='lat' dir='ltr'>repetitiones</span> <span class='ocrx_word' id='word_1_95' title='bbox 1595 1123 1692 1166; x_wconf 86' lang='lat' dir='ltr'>per-</span> 
     </span>
     <span class='ocr_line' id='line_1_15' title="bbox 415 1173 1691 1228; baseline 0.001 -13"><span class='ocrx_word' id='word_1_96' title='bbox 415 1174 655 1226; x_wconf 78' lang='lat' dir='ltr'>cipiantur,</span> <span class='ocrx_word' id='word_1_97' title='bbox 703 1185 803 1228; x_wconf 90' lang='lat' dir='ltr'>quot</span> <span class='ocrx_word' id='word_1_98' title='bbox 855 1173 1037 1215; x_wconf 78' lang='lat' dir='ltr'>Theoria</span> <span class='ocrx_word' id='word_1_99' title='bbox 1079 1175 1260 1225; x_wconf 86' lang='lat' dir='ltr'>indicat,</span> <span class='ocrx_word' id='word_1_100' title='bbox 1310 1176 1352 1214; x_wconf 88' lang='lat' dir='ltr'>in</span> <span class='ocrx_word' id='word_1_101' title='bbox 1393 1187 1476 1228; x_wconf 91' lang='lat' dir='ltr'>quo</span> <span class='ocrx_word' id='word_1_102' title='bbox 1507 1174 1691 1216; x_wconf 87' lang='lat' dir='ltr'>Theoria</span> 
     </span>
     <span class='ocr_line' id='line_1_16' title="bbox 414 1236 1688 1291; baseline -0.001 -15"><span class='ocrx_word' id='word_1_103' title='bbox 414 1236 644 1290; x_wconf 85' lang='lat' dir='ltr'>plurimum</span> <span class='ocrx_word' id='word_1_104' title='bbox 695 1239 741 1278; x_wconf 85' lang='lat' dir='ltr'>ab</span> <span class='ocrx_word' id='word_1_105' title='bbox 793 1239 1044 1291; x_wconf 82' lang='lat' dir='ltr'>experientia</span> <span class='ocrx_word' id='word_1_106' title='bbox 1093 1238 1281 1277; x_wconf 85' lang='lat' dir='ltr'>dissentit.</span> <span class='ocrx_word' id='word_1_107' title='bbox 1385 1237 1433 1276; x_wconf 92' lang='lat' dir='ltr'>In</span> <span class='ocrx_word' id='word_1_108' title='bbox 1485 1240 1688 1290; x_wconf 84' lang='lat' dir='ltr'>praesente</span> 
     </span>
     <span class='ocr_line' id='line_1_17' title="bbox 413 1299 1687 1354; baseline 0 -15"><span class='ocrx_word' id='word_1_109' title='bbox 413 1300 528 1340; x_wconf 85' lang='lat' dir='ltr'>enim</span> <span class='ocrx_word' id='word_1_110' title='bbox 566 1303 652 1341; x_wconf 84' lang='lat' dir='ltr'>casu</span> <span class='ocrx_word' id='word_1_111' title='bbox 685 1301 822 1354; x_wconf 72' lang='lat' dir='ltr'>elapso</span> <span class='ocrx_word' id='word_1_112' title='bbox 861 1311 1044 1354; x_wconf 87' lang='lat' dir='ltr'>tempore</span> <span class='ocrx_word' id='word_1_113' title='bbox 1074 1299 1335 1351; x_wconf 83' lang='lat' dir='ltr'>quantumuis</span> <span class='ocrx_word' id='word_1_114' title='bbox 1374 1310 1521 1350; x_wconf 81' lang='lat' dir='ltr'>magno</span> <span class='ocrx_word' id='word_1_115' title='bbox 1552 1299 1687 1340; x_wconf 86' lang='lat' dir='ltr'>calcu·</span> 
     </span>
     <span class='ocr_line' id='line_1_18' title="bbox 414 1360 1686 1416; baseline 0.003 -15"><span class='ocrx_word' id='word_1_116' title='bbox 414 1362 478 1403; x_wconf 91' lang='lat' dir='ltr'>lus</span> <span class='ocrx_word' id='word_1_117' title='bbox 510 1365 636 1404; x_wconf 83' lang='lat' dir='ltr'>etiam</span> <span class='ocrx_word' id='word_1_118' title='bbox 674 1375 776 1403; x_wconf 88' lang='lat' dir='ltr'>nunc</span> <span class='ocrx_word' id='word_1_119' title='bbox 826 1375 951 1416; x_wconf 80' lang='lat' dir='ltr'>aeque</span> <span class='ocrx_word' id='word_1_120' title='bbox 999 1360 1282 1402; x_wconf 80' lang='lat' dir='ltr'>vehementem</span> <span class='ocrx_word' id='word_1_121' title='bbox 1333 1362 1436 1401; x_wconf 84' lang='lat' dir='ltr'>aeris</span> <span class='ocrx_word' id='word_1_122' title='bbox 1489 1363 1686 1414; x_wconf 84' lang='lat' dir='ltr'>agitatio·</span> 
     </span>
     <span class='ocr_line' id='line_1_19' title="bbox 414 1424 1684 1475; baseline 0.001 -10"><span class='ocrx_word' id='word_1_123' title='bbox 414 1439 507 1466; x_wconf 87' lang='lat' dir='ltr'>nem</span> <span class='ocrx_word' id='word_1_124' title='bbox 542 1429 581 1467; x_wconf 90' lang='lat' dir='ltr'>in</span> <span class='ocrx_word' id='word_1_125' title='bbox 618 1427 712 1468; x_wconf 90' lang='lat' dir='ltr'>tubo</span> <span class='ocrx_word' id='word_1_126' title='bbox 744 1427 911 1467; x_wconf 83' lang='lat' dir='ltr'>ostendit</span> <span class='ocrx_word' id='word_1_127' title='bbox 941 1439 985 1466; x_wconf 87' lang='lat' dir='ltr'>ac</span> <span class='ocrx_word' id='word_1_128' title='bbox 1030 1424 1160 1465; x_wconf 83' lang='lat' dir='ltr'>statim</span> <span class='ocrx_word' id='word_1_129' title='bbox 1212 1426 1257 1464; x_wconf 82' lang='lat' dir='ltr'>ab</span> <span class='ocrx_word' id='word_1_130' title='bbox 1312 1424 1433 1465; x_wconf 90' lang='lat' dir='ltr'>initio</span> <span class='ocrx_word' id='word_1_131' title='bbox 1456 1456 1468 1475; x_wconf 91' lang='lat'>,</span> <span class='ocrx_word' id='word_1_132' title='bbox 1514 1427 1684 1467; x_wconf 85' lang='lat' dir='ltr'>interim</span> 
     </span>
     <span class='ocr_line' id='line_1_20' title="bbox 415 1488 1686 1544; baseline -0.002 -13"><span class='ocrx_word' id='word_1_133' title='bbox 415 1500 550 1531; x_wconf 75' lang='lat' dir='ltr'>tamen</span> <span class='ocrx_word' id='word_1_134' title='bbox 582 1491 831 1544; x_wconf 81' lang='lat' dir='ltr'>experientia</span> <span class='ocrx_word' id='word_1_135' title='bbox 868 1491 1058 1531; x_wconf 86' lang='lat' dir='ltr'>nouimus</span> <span class='ocrx_word' id='word_1_136' title='bbox 1094 1497 1222 1529; x_wconf 85' lang='lat' dir='ltr'>totam</span> <span class='ocrx_word' id='word_1_137' title='bbox 1260 1488 1524 1538; x_wconf 85' lang='lat' dir='ltr'>agitationem</span> <span class='ocrx_word' id='word_1_138' title='bbox 1566 1490 1686 1530; x_wconf 86' lang='lat' dir='ltr'>initio</span> 
     </span>
     <span class='ocr_line' id='line_1_21' title="bbox 412 1549 1686 1608; baseline -0.003 -12"><span class='ocrx_word' id='word_1_139' title='bbox 412 1556 653 1608; x_wconf 58' lang='lat' dir='ltr'>productam</span> <span class='ocrx_word' id='word_1_140' title='bbox 692 1567 790 1595; x_wconf 87' lang='lat' dir='ltr'>mox</span> <span class='ocrx_word' id='word_1_141' title='bbox 825 1555 987 1608; x_wconf 88' lang='lat' dir='ltr'>penitus</span> <span class='ocrx_word' id='word_1_142' title='bbox 1020 1553 1216 1600; x_wconf 87' lang='lat' dir='ltr'>interire,</span> <span class='ocrx_word' id='word_1_143' title='bbox 1266 1549 1340 1589; x_wconf 78' lang='lat' dir='ltr'>nist</span> <span class='ocrx_word' id='word_1_144' title='bbox 1390 1552 1586 1591; x_wconf 90' lang='lat' dir='ltr'>continuo</span> <span class='ocrx_word' id='word_1_145' title='bbox 1635 1552 1686 1592; x_wconf 80' lang='lat' dir='ltr'>de</span> 
     </span>
     <span class='ocr_line' id='line_1_22' title="bbox 411 1613 1686 1670; baseline -0.002 -12"><span class='ocrx_word' id='word_1_146' title='bbox 411 1631 522 1659; x_wconf 89' lang='lat' dir='ltr'>nouo</span> <span class='ocrx_word' id='word_1_147' title='bbox 556 1620 822 1669; x_wconf 77' lang='lat' dir='ltr'>instauretur,</span> <span class='ocrx_word' id='word_1_148' title='bbox 861 1619 964 1658; x_wconf 84' lang='lat' dir='ltr'>vnde</span> <span class='ocrx_word' id='word_1_149' title='bbox 999 1625 1105 1654; x_wconf 88' lang='lat' dir='ltr'>certe</span> <span class='ocrx_word' id='word_1_150' title='bbox 1141 1613 1426 1670; x_wconf 79' lang='lat' dir='ltr'>grauissimum</span> <span class='ocrx_word' id='word_1_151' title='bbox 1460 1626 1686 1667; x_wconf 85' lang='lat' dir='ltr'>argumen-</span> 
     </span>
     <span class='ocr_line' id='line_1_23' title="bbox 411 1678 1682 1733; baseline -0.002 -11"><span class='ocrx_word' id='word_1_152' title='bbox 411 1691 503 1722; x_wconf 89' lang='lat' dir='ltr'>tum</span> <span class='ocrx_word' id='word_1_153' title='bbox 553 1692 692 1724; x_wconf 79' lang='lat' dir='ltr'>contra</span> <span class='ocrx_word' id='word_1_154' title='bbox 744 1684 915 1723; x_wconf 78' lang='lat' dir='ltr'>nostram</span> <span class='ocrx_word' id='word_1_155' title='bbox 967 1679 1190 1719; x_wconf 67' lang='lat' dir='ltr'>Theosiam</span> <span class='ocrx_word' id='word_1_156' title='bbox 1243 1679 1325 1730; x_wconf 91' lang='lat' dir='ltr'>peti</span> <span class='ocrx_word' id='word_1_157' title='bbox 1368 1678 1475 1733; x_wconf 79' lang='lat' dir='ltr'>posse</span> <span class='ocrx_word' id='word_1_158' title='bbox 1508 1679 1682 1720; x_wconf 75' lang='lat' dir='ltr'>videtur.</span> 
     </span>
     <span class='ocr_line' id='line_1_24' title="bbox 409 1741 1682 1801; baseline -0.002 -16"><span class='ocrx_word' id='word_1_159' title='bbox 409 1745 567 1787; x_wconf 81' lang='lat' dir='ltr'>Verum</span> <span class='ocrx_word' id='word_1_160' title='bbox 606 1757 758 1801; x_wconf 78' lang='lat' dir='ltr'>praeter</span> <span class='ocrx_word' id='word_1_161' title='bbox 794 1745 966 1799; x_wconf 84' lang='lat' dir='ltr'>plurima</span> <span class='ocrx_word' id='word_1_162' title='bbox 999 1742 1074 1783; x_wconf 81' lang='lat' dir='ltr'>alia</span> <span class='ocrx_word' id='word_1_163' title='bbox 1113 1752 1250 1783; x_wconf 84' lang='lat' dir='ltr'>motus</span> <span class='ocrx_word' id='word_1_164' title='bbox 1284 1741 1579 1795; x_wconf 84' lang='lat' dir='ltr'>impedimenta</span> <span class='ocrx_word' id='word_1_165' title='bbox 1602 1743 1682 1797; x_wconf 83' lang='lat' dir='ltr'>ipsa</span> 
     </span>
     <span class='ocr_line' id='line_1_25' title="bbox 410 1805 1678 1860; baseline -0.005 -9"><span class='ocrx_word' id='word_1_166' title='bbox 410 1813 494 1852; x_wconf 82' lang='lat' dir='ltr'>tubi</span> <span class='ocrx_word' id='word_1_167' title='bbox 532 1812 685 1852; x_wconf 82' lang='lat' dir='ltr'>indoles</span> <span class='ocrx_word' id='word_1_168' title='bbox 721 1811 767 1851; x_wconf 82' lang='lat' dir='ltr'>ad</span> <span class='ocrx_word' id='word_1_169' title='bbox 801 1809 898 1849; x_wconf 79' lang='lat' dir='ltr'>hanc</span> <span class='ocrx_word' id='word_1_170' title='bbox 930 1807 1195 1849; x_wconf 69' lang='lat' dir='ltr'>obiectionem</span> <span class='ocrx_word' id='word_1_171' title='bbox 1231 1805 1468 1846; x_wconf 85' lang='lat' dir='ltr'>diluendum</span> <span class='ocrx_word' id='word_1_172' title='bbox 1525 1806 1678 1860; x_wconf 80' lang='lat' dir='ltr'>potiffi-</span> 
     </span>
     <span class='ocr_line' id='line_1_26' title="bbox 410 1868 1678 1929; baseline -0.002 -15"><span class='ocrx_word' id='word_1_173' title='bbox 410 1887 529 1915; x_wconf 82' lang='lat' dir='ltr'>mum</span> <span class='ocrx_word' id='word_1_174' title='bbox 567 1876 726 1929; x_wconf 71' lang='lat' dir='ltr'>spce‘tari</span> <span class='ocrx_word' id='word_1_175' title='bbox 766 1875 876 1914; x_wconf 83' lang='lat' dir='ltr'>debet</span> <span class='ocrx_word' id='word_1_176' title='bbox 906 1869 1061 1911; x_wconf 79' lang='lat' dir='ltr'>etiamsi</span> <span class='ocrx_word' id='word_1_177' title='bbox 1097 1870 1207 1909; x_wconf 87' lang='lat' dir='ltr'>enim</span> <span class='ocrx_word' id='word_1_178' title='bbox 1245 1868 1362 1907; x_wconf 86' lang='lat' dir='ltr'>tubus</span> <span class='ocrx_word' id='word_1_179' title='bbox 1415 1882 1464 1910; x_wconf 86' lang='lat' dir='ltr'>ex</span> <span class='ocrx_word' id='word_1_180' title='bbox 1520 1868 1678 1911; x_wconf 75' lang='lat' dir='ltr'>durissi-</span> 
     </span>
     <span class='ocr_line' id='line_1_27' title="bbox 407 1933 1676 1985; baseline -0.006 -5"><span class='ocrx_word' id='word_1_181' title='bbox 407 1952 473 1980; x_wconf 81' lang='lat' dir='ltr'>ma</span> <span class='ocrx_word' id='word_1_182' title='bbox 510 1941 674 1980; x_wconf 74' lang='lat' dir='ltr'>materia</span> <span class='ocrx_word' id='word_1_183' title='bbox 711 1938 758 1979; x_wconf 84' lang='lat' dir='ltr'>fit</span> <span class='ocrx_word' id='word_1_184' title='bbox 790 1936 992 1977; x_wconf 70' lang='lat' dir='ltr'>confectus</span> <span class='ocrx_word' id='word_1_185' title='bbox 1027 1944 1157 1973; x_wconf 79' lang='lat' dir='ltr'>tumen</span> <span class='ocrx_word' id='word_1_186' title='bbox 1191 1942 1232 1970; x_wconf 84' lang='lat' dir='ltr'>ea</span> <span class='ocrx_word' id='word_1_187' title='bbox 1254 1933 1358 1971; x_wconf 71' lang='lat' dir='ltr'>aeris</span> <span class='ocrx_word' id='word_1_188' title='bbox 1391 1934 1676 1985; x_wconf 80' lang='lat' dir='ltr'>agitationibus</span> 
     </span>
     <span class='ocr_line' id='line_1_28' title="bbox 405 1995 1676 2054; baseline -0.003 -12"><span class='ocrx_word' id='word_1_189' title='bbox 405 2005 560 2054; x_wconf 84' lang='lat' dir='ltr'>semper</span> <span class='ocrx_word' id='word_1_190' title='bbox 593 2001 893 2054; x_wconf 78' lang='lat' dir='ltr'>aliquantillum</span> <span class='ocrx_word' id='word_1_191' title='bbox 930 1999 1067 2045; x_wconf 87' lang='lat' dir='ltr'>cedit,</span> <span class='ocrx_word' id='word_1_192' title='bbox 1117 2006 1208 2035; x_wconf 86' lang='lat' dir='ltr'>eum</span> <span class='ocrx_word' id='word_1_193' title='bbox 1246 2004 1376 2034; x_wconf 82' lang='lat' dir='ltr'>tamen</span> <span class='ocrx_word' id='word_1_194' title='bbox 1424 1999 1464 2037; x_wconf 90' lang='lat' dir='ltr'>in</span> <span class='ocrx_word' id='word_1_195' title='bbox 1517 1995 1676 2038; x_wconf 77' lang='lat' dir='ltr'>calculo</span> 
     </span>
     <span class='ocr_line' id='line_1_29' title="bbox 405 2059 1673 2113; baseline -0.006 -8"><span class='ocrx_word' id='word_1_196' title='bbox 405 2066 526 2106; x_wconf 70' lang='lat' dir='ltr'>latera</span> <span class='ocrx_word' id='word_1_197' title='bbox 584 2065 668 2104; x_wconf 89' lang='lat' dir='ltr'>tubi</span> <span class='ocrx_word' id='word_1_198' title='bbox 719 2076 834 2103; x_wconf 78' lang='lat' dir='ltr'>tanto</span> <span class='ocrx_word' id='word_1_199' title='bbox 889 2064 1026 2113; x_wconf 80' lang='lat' dir='ltr'>rigore</span> <span class='ocrx_word' id='word_1_200' title='bbox 1080 2060 1250 2111; x_wconf 74' lang='lat' dir='ltr'>praedita</span> <span class='ocrx_word' id='word_1_201' title='bbox 1301 2059 1574 2106; x_wconf 76' lang='lat' dir='ltr'>assumantur,</span> <span class='ocrx_word' id='word_1_202' title='bbox 1626 2072 1673 2102; x_wconf 82' lang='lat' dir='ltr'>vt</span> 
     </span>
     <span class='ocr_line' id='line_1_30' title="bbox 402 2122 1673 2182; baseline -0.006 -12"><span class='ocrx_word' id='word_1_203' title='bbox 402 2129 555 2170; x_wconf 82' lang='lat' dir='ltr'>nullius</span> <span class='ocrx_word' id='word_1_204' title='bbox 590 2129 704 2182; x_wconf 81' lang='lat' dir='ltr'>plane</span> <span class='ocrx_word' id='word_1_205' title='bbox 739 2126 1006 2181; x_wconf 74' lang='lat' dir='ltr'>impressionis</span> <span class='ocrx_word' id='word_1_206' title='bbox 1039 2133 1078 2165; x_wconf 87' lang='lat' dir='ltr'>ct</span> <span class='ocrx_word' id='word_1_207' title='bbox 1113 2122 1342 2174; x_wconf 78' lang='lat' dir='ltr'>agitationis</span> <span class='ocrx_word' id='word_1_208' title='bbox 1375 2123 1452 2166; x_wconf 84' lang='lat' dir='ltr'>fint</span> <span class='ocrx_word' id='word_1_209' title='bbox 1486 2126 1673 2180; x_wconf 77' lang='lat' dir='ltr'>capacia;</span> 
     </span>
    </p>

    <p class='ocr_par' dir='ltr' id='par_1_5' title="bbox 1600 2201 1669 2231">
     <span class='ocr_line' id='line_1_31' title="bbox 1600 2201 1669 2231; baseline 0 0"><span class='ocrx_word' id='word_1_210' title='bbox 1600 2201 1669 2231; x_wconf 74' lang='lat' dir='ltr'>cui</span> 
     </span>
    </p>
   </div>
  </div>
 </body>
</html>
