1852 2730
538 165 652 219 »2223
682 160 699 222 (
735 175 762 205 0
796 160 811 221 )
843 161 962 216 ἓέέέω
1343 173 1402 221 ³9

124 283 199 328 nisi
236 296 259 324 2
298 278 394 338 poil.
435 295 452 322 1
493 277 564 322 lin.
603 277 750 333 longus
785 290 828 324 et
865 294 888 333 3
930 278 1028 336 poll.
1084 293 1140 324 10
1193 277 1265 322 lin.
1319 292 1407 323 am·-

122 350 217 404 plus
269 346 582 396 inueniebatur‚
633 346 738 386 vnde
794 355 932 401 patet,
983 348 1024 388 in
1074 345 1134 387 his
1166 345 1409 388 animalibus

121 414 404 457 ventriculum
439 411 568 452 etiam
601 409 786 452 humano
825 413 1030 452 minorem
1053 442 1065 463 ,
1099 423 1169 452 nec
1203 423 1303 464 ergo
1335 424 1409 465 pe-

122 478 305 520 riculum
359 477 520 516 errandi
570 473 673 523 effe,
729 475 757 515 si
797 476 1037 529 magnitudo
1070 476 1405 517 ventriculorum

121 544 248 585 leonis
281 552 331 582 ex
364 540 669 592 comparatione
704 540 1037 581 ventriculorum
1072 539 1254 582 hominis
1295 540 1405 582 diiu-

120 607 292 647 dicatur.
391 601 658 643 Ventriculus
706 603 840 642 cordis
891 604 1043 645 sinister
1085 603 1275 648 in·leone
1309 619 1406 661 pro-

121 669 309 723 portione
365 666 499 708 cordis
532 665 604 706 esse
638 665 831 707 debuisset
865 664 1125 719 longitudine
1160 679 1183 717 :3
1223 668 1322 722 poll.
1358 672 1406 719 7}

119 731 192 774 lin.
228 742 269 774 et
301 733 458 773 ambitu
494 742 523 780 4
555 727 659 785 poll.
694 732 741 780 42¹¹
792 730 864 772 lin.
946 730 1023 773 Sed
1075 731 1306 772 obseruatus
1353 734 1410 777 est

118 796 378 850 longitudine
419 805 440 843 5
479 794 577 850 poll.
611 803 653 834 et
685 793 844 836 ambitu
880 800 903 836 8
940 792 1041 849 poll.
1084 808 1108 835 2
1143 793 1216 836 lin.
1304 795 1409 838 Pro-

119 863 211 904 inde
262 863 329 903 iste
379 859 637 902 ventriculus
692 860 733 899 in
786 858 905 902 leone
957 859 1052 914 plus
1096 871 1224 915 quam
1259 869 1407 914 quarta

119 935 233 982 parte
264 925 385 967 solito
419 925 586 978 longior
620 932 661 965 et
692 922 818 977 duplo
863 924 943 966 fere
976 923 1157 979 amplior
1206 925 1272 968 est.
1354 924 1410 968 In

119 990 194 1032 fele
236 1002 384 1045 nempe
437 999 477 1031 et
530 988 668 1031 vitulo
720 989 930 1030 mensurae
984 989 1129 1031 itidem
1181 987 1410 1044 humanis,

119 1056 264 1110 quibus
295 1067 395 1096 cum
431 1054 617 1097 leoninae
651 1064 910 1108 comparatae
944 1053 1037 1097 sunt
1060 1086 1073 1106 ‚
1110 1056 1290 1097 minores
1320 1058 1415 1099 fue·

122 1133 164 1161 re
188 1150 198 1167 ‚
246 1128 416 1174 excepta
469 1118 551 1160 sola
598 1118 927 1159 circumferentia
960 1120 1002 1160 in
1036 1121 1155 1161 corde
1188 1119 1410 1171 vitulino,

122 1196 224 1238 quae
263 1182 447 1237 paullulo
483 1182 668 1223 humana*
693 1183 824 1224 maior
857 1183 942 1223 fuir.
1022 1176 1113 1225 'Pro
1164 1181 1240 1222 hac
1290 1195 1418 1225 enor-

123 1249 180 1290 mi
235 1246 567 1289 ventriculorum
624 1247 905 1297 magnitudine
958 1245 1051 1287 fieri
1103 1258 1187 1288 non
1239 1248 1413 1301 potuit,

124 1311 225 1367 quin
261 1322 300 1354 et
336 1314 441 1353 mire
477 1311 608 1352 tenuis
642 1308 692 1350 sit
724 1310 937 1353 substantia
988 1323 1162 1362 carnea,
1206 1323 1286 1365 qua
1338 1324 1414 1355 cor

123 1377 313 1420 efficitur.
382 1377 511 1418 Paries
546 1374 772 1417 ventriculi
807 1374 954 1417 sinistri
976 1375 1030 1417 -in
1064 1377 1191 1418 corde
1223 1375 1413 1419 vitulino

124 1453 164 1483 et
216 1440 338 1482 selino
390 1440 519 1494 duplo
565 1441 644 1481 fere
677 1440 840 1482 craffior
874 1441 928 1482 est
962 1452 1088 1494 quam
1121 1441 1232 1481 idem
1278 1441 1410 1494 paries

125 1506 268 1547 eodem
306 1506 344 1546 in
378 1506 473 1547 loco
508 1506 548 1545 in
580 1504 700 1546 corde
734 1504 931 1546 humano·
995 1507 1055 1547 At
1091 1504 1158 1546 iste
1176 1503 1308 1560 paries
1332 1505 1409 1549 hu-

129 1581 269 1610 manus
303 1579 436 1628 tamen
469 1569 523 1611 est
556 1567 604 1609 ad
640 1569 853 1612 leoninum
887 1578 936 1612 vt
969 1573 1017 1625 9}
1038 1582 1048 1612 z
1070 1580 1111 1621 5.

278 1695 344 1738 De
378 1698 662 1748 magnitudine
694 1700 934 1743 arteriarum
968 1700 1121 1743 vltima
1165 1694 1293 1741 modo
1343 1693 1412 1741 re0'

127 1761 266 1802 sultata
319 1771 564 1814 repetemus.
647 1763 841 1804 Ambitus
895 1766 1028 1805 trunci
1060 1773 1195 1802 aortae
1231 1774 1410 1817 propor-

125 1826 236 1866 tione
273 1824 492 1866 ventriculi
526 1824 584 1864 sui
620 1824 661 1864 in
699 1825 813 1867 leone
848 1827 926 1868 fere
956 1825 1135 1868 dimidio
1185 1836 1309 1878 quam
1366 1827 1411 1868 in

124 1889 294 1931 homine
329 1890 465 1931 minor
500 1888 565 1929 est.
648 1887 867 1930 Nimirum
903 1900 997 1931 ante
1044 1899 1181 1931 ramos
1236 1889 1413 1933 maiores

122 1956 250 1996 editos
284 1955 516 1995 maximam
551 1961 708 2006 partem
743 1953 873 1996 leonis
915 1965 1030 1997 aorta
1081 1954 1130 1995 ad
1181 1951 1410 1997 humanam

123 2019 174 2060 est
209 2019 270 2060 vti
310 2034 328 2060 1
351 2019 424 2070 :(2
446 2015 563 2072 -ξ.),
631 2016 708 2061 Sed
739 2016 814 2061 hoc
850 2030 1001 2073 magno
1032 2019 1290 2061 decremento
1323 2017 1429 2063 noti‘

124 2084 294 2125 obstante
329 2093 464 2125 tamen
498 2090 611 2123 aorta
645 2083 731 2138 post
764 2096 897 2127 ramos
947 2085 1124 2127 maiores
1179 2082 1274 2124 illos
1323 2084 1414 2127 edi-

124 2157 185 2191 tos
216 2148 344 2191 adhuc
379 2161 507 2207 porro
538 2160 636 2204 erga
669 2148 853 2193 hominis
885 2158 1044 2194 aortam
1078 2148 1271 2193 decrescit
1290 2178 1304 2203 ‚
1345 2151 1413 2190 ea·

1324 2223 1408 2273 que
