1852 2730
174 221 260 267 DE
280 221 523 267 PARALL.
545 217 664 264 SOL.
684 216 895 262 CONCL.
913 217 1004 263 ‘EX
1022 215 1236 264 TRANS.
1257 229 1330 261 etc.
1367 228 1456 274 587

174 338 347 394 ropeicis
380 338 567 380 obtinuit.
635 333 686 376 In
720 335 835 377 Parte
866 329 953 378 Ild‘*
983 336 1108 377 Tom.
1149 334 1271 378 XIV.
1305 333 1459 381 horum

175 403 591 447 Commentariorum
636 402 717 442 fuse
752 402 833 442 iam
870 401 1128 457 explicatum
1164 400 1218 441 est
1241 431 1252 451 ‚
1295 398 1459 456 qualem

174 465 647 524 praebeant.Parallaxiii
681 465 974 507 obseruationes
1005 468 1051 506 ad
1095 465 1243 507 Sinum
1300 466 1457 522 Hudso-

175 533 238 574 nis
271 542 312 574 et
346 533 386 573 in
422 532 622 573 fortalitio
654 528 715 572 St.
751 530 914 585 losephi
955 529 1200 573 Californiae
1253 530 1461 572 institutae.

173 596 203 638 si
239 609 336 640 cum
372 596 612 650 Europeicis
644 606 961 649 comparentur3
1014 607 1144 649 quum
1181 595 1307 647 igitur
1341 594 1461 637 valo·

170 672 233 703 res
265 674 343 716 pro
375 658 576 702 Parallaxi
615 668 705 700 tum
742 660 901 703 inuenti
935 663 1096 713 egregie
1132 661 1238 700 inter
1272 662 1307 701 se
1359 671 1460 702 con-

167 727 370 778 senserint,
402 725 547 769 iisdem
586 724 761 766 omnino
794 725 1042 779 acquiescere
1079 724 1247 773 liceret,
1281 727 1460 779 praeser-

169 791 246 832 tim
283 792 378 846 quia
412 789 632 832 certissime
668 789 781 831 nobis
817 789 1008 832 habemus
1051 790 1293 842 persuasum,
1331 802 1459 844 quan·

171 857 334 897 titatem
370 853 586 897 Parallaxis
622 863 711 894 tum
750 855 958 896 inuentam
995 853 1105 893 vitra
1142 863 1299 907 partem
1336 856 1459 908 quin-

173 930 258 961 tam
293 920 412 961 vnius
449 918 599 960 minuti
635 919 794 959 secundi
836 931 857 959 a
908 917 1082 959 veritate
1133 919 1459 970 discrepaturam

173 997 252 1026 non
287 986 380 1026 fore.
448 983 607 1024 Verum
640 986 755 1024 enim
790 997 889 1025 vero
920 994 1053 1037 quum
1084 982 1381 1024 obieruationes
1412 982 1459 1022 in

172 1046 299 1090 insula
337 1049 459 1101 Regis
489 1046 660 1100 Georgii
696 1049 741 1089 ab
775 1046 1033 1090 Astronomis
1071 1046 1459 1098 Anglisinstitutae.

171 1112 228 1154 ita
265 1112 342 1154 sint
373 1122 631 1165 comparatae
654 1143 664 1163 ‚
715 1123 762 1152 vt
800 1125 875 1167 pro
908 1113 956 1153 iis
996 1110 1158 1152 effeetus
1207 1110 1459 1153 Parallaxeos

167 1188 251 1218 non
306 1177 430 1217 modo
466 1175 516 1217 sit
553 1176 751 1228 insignis,
807 1177 872 1218 sed
915 1176 1047 1217 etiam
1083 1174 1198 1228 plane
1231 1176 1460 1219 contrarius

168 1240 232 1281 illi
254 1270 266 1291 ,
317 1251 401 1293 quo
453 1239 744 1280 obseruationes
797 1241 838 1281 in
874 1240 1064 1293 Europae
1100 1238 1220 1279 saetae
1255 1251 1368 1282 erant
1401 1242 1458 1283 af-

169 1302 291 1344 festae
312 1334 322 1353 ,
360 1301 473 1343 facile
508 1303 752 1356 perspicitur
787 1303 875 1344 istas
907 1303 1204 1344 obseruationes
1239 1304 1288 1344 ad
1326 1303 1459 1357 paral-

173 1366 284 1408 laxin
320 1365 428 1408 Solis
459 1366 810 1407 determinandam
845 1368 992 1407 censeri
1028 1367 1165 1407 debere
1200 1368 1457 1420 aptissimas,

170 1430 337 1484 ideoque
369 1432 546 1473 omnino
581 1443 727 1484 operae
762 1433 943 1484 pretium
977 1431 1119 1479 fuisse,
1155 1441 1200 1470 vt
1235 1432 1456 1485 inquirere-

171 1502 240 1533 tur
273 1505 469 1547 quaenam
506 1496 672 1548 prodeat
708 1497 909 1550 quantitas
946 1495 1193 1548 pai-allaxeos
1238 1495 1374 1546 Solis,
1426 1496 1453 1537 fi

169 1555 316 1597 harum
367 1556 697 1600 obseruationum
750 1559 988 1599 instituatur
1045 1559 1301 1611 comparatio
1356 1573 1453 1600 cum

169 1621 251 1671 iis,
303 1633 404 1675 quae
457 1623 499 1661 in
549 1622 677 1661 variis
713 1620 900 1675 Europae
934 1623 1164 1673 regionibus
1196 1623 1454 1665 fueruntia-

169 1684 268 1726 ctae.
333 1684 616 1727 Certiffimam
651 1686 763 1725 enim
800 1687 909 1727 nobis
943 1689 1069 1727 facere
1106 1684 1309 1740 possumus
1328 1688 1455 1742 spem,

170 1749 355 1791 valorem
392 1748 643 1790 Parallaxeos
680 1750 770 1790 inde
804 1751 1016 1792 inuentum
1039 1783 1048 1800 ,
1101 1750 1175 1791 vix
1211 1750 1318 1792 vltra
1361 1765 1453 1805 par·

171 1823 254 1854 tem
290 1813 492 1855 decimam
527 1814 648 1854 vnius
682 1815 834 1856 minuti
872 1817 1032 1857 secundi
1075 1829 1094 1857 a
1148 1814 1253 1856 iusto
1300 1818 1454 1859 aberra-

171 1887 312 1918 turum
346 1876 432 1918 efl‘e.
536 1877 788 1920 Huiusmodi
825 1880 956 1932 igitur
989 1878 1316 1934 disquisitionem
1351 1884 1453 1924 dum

170 1940 245 1982 hac
278 1942 483 1984 occasione
519 1942 714 1997 suscipere
748 1943 788 1984 in
822 1945 1012 1986 animum
1048 1944 1228 1995 induxi,
1279 1946 1318 1986 id
1364 1955 1451 1988 tan-

171 2016 261 2047 tum
297 2019 560 2061 praemonere
594 2008 792 2050 necess'um
825 2010 962 2062 duco,
1016 2008 1259 2051 methodum
1311 2024 1332 2052 a
1382 2024 1452 2053 me

173 2070 314 2113 hocin
335 2073 497 2125 negotio
531 2072 778 2122 adhibitam,
810 2076 976 2115 eandem
1011 2074 1109 2124 effe,
1143 2086 1263 2127 quam
1302 2074 1452 2117 Illustr.

172 2135 337 2177 Eulerus
386 2139 424 2178 in
481 2137 596 2192 supra
648 2148 874 2180 memorata
927 2138 1036 2180 Part.
1069 2138 1125 2180 ΙΙ.
1165 2139 1289 2181 Tom.
1327 2140 1450 2182 XIV.

174 2200 338 2243 Nouor.
374 2200 611 2245 Comment.
649 2204 814 2245 tradidit
847 2205 891 2245 ad
929 2206 1043 2246 cuius
1077 2214 1288 2259 praecepta
1309 2236 1320 2255 ,
1354 2203 1451 2244 reli·

743 2268 781 2311 E
805 2280 825 2310 e
846 2281 868 2311 e
888 2282 910 2312 e
945 2283 971 2311 2
1348 2278 1449 2321 quae
