1852 2730
290 146 360 198 m
393 145 659 196 PLANVM
683 143 1041 194 ExchRE
1066 145 1257 201 mem.
1363 160 1428 212 ἰς

144 283 185 314 oa
221 279 302 312 tres
335 267 545 312 variabiles
577 280 618 321 x,
639 279 672 320 y
706 276 747 310 et
782 283 808 312 z
837 268 986 325 vbique
1037 270 1216 312 eundem
1265 272 1432 316 dimen-

143 338 305 379 sionum
344 348 569 377 nutrcrum
604 334 867 388 adimpleant.
951 336 1104 391 Quodsi
1142 349 1219 378 vna
1255 341 1429 379 ceord-

143 414 329 444 natarum
364 413 407 452 x,
430 415 473 451 y,
504 413 530 441 z
563 402 603 441 in
653 400 862 442 infinitum
917 402 1058 453 abeat,
1108 405 1297 456 aequatio
1351 418 1430 459 pro

142 466 268 508 solido
301 467 398 506 duas
440 475 600 505 tantum
643 463 817 518 reliquas
870 467 1100 522 implicabit
1145 469 1430 521 coordinatas,

143 532 252 588 quod
286 531 342 571 est
374 529 598 570 criterium
632 541 857 583 corporum
886 533 1231 583 cylindricorum.

139 600 232 621 *m
299 640 367 677 19.
404 624 513 668 Aliis
548 624 682 666 solidis
716 625 854 665 nostro
902 627 1147 679 problemati
1187 630 1431 676 satisfacien-

142 692 245 734 tibus
278 691 345 732 hic
380 689 616 732 euoluendis
655 701 737 730 non
778 688 1093 743 immoramur3
1141 707 1271 746 quum
1327 697 1431 740 infra

140 758 207 798 vbi
263 757 426 798 tertiam
480 754 728 799 Methodum
783 754 1028 808 trademus,
1085 756 1222 815 multo
1271 762 1432 804 facilius

141 822 280 865 turcia
320 821 559 864 huiusmodi
592 831 815 875 corporum
849 832 996 872 genera
1029 823 1269 872 cognoscere
1303 837 1431 878 quea-

142 899 242 929 mus.
295 888 470 930 interea
505 890 603 929 dum
644 886 714 927 ista
748 885 914 929 secunda
949 885 1173 928 Methodus
1196 920 1207 941 ,
1251 898 1335 930 tam
1373 891 1432 932 fa·

139 953 264 994 cilem
302 954 411 994 nobis
445 952 717 1007 suppeditauit
749 952 996 993 solutionem
1024 983 1035 1003 ‚
1085 965 1182 995 cum
1222 966 1289 1007 per
1333 954 1430 999 Me-

141 1018 315 1059 thodum
353 1019 535 1071 priorem
573 1018 646 1058 vix
683 1015 811 1057 vllam
867 1017 1114 1058 solutionem
1168 1020 1321 1072 sperare
1377 1021 1429 1062 li-

138 1082 304 1132 cuiffet3
337 1095 444 1122 nunc
479 1085 603 1124 etiam
641 1081 821 1133 priorem
860 1081 1109 1123 solutr'oncm
1134 1084 1430 1126 vbcriuseuol·

141 1159 234 1187 vere
270 1157 392 1199 atque
425 1148 524 1187 adeo
559 1145 752 1188 formulas
788 1144 878 1185 illas
910 1147 1129 1198 analyticas
1168 1149 1308 1201 primo
1366 1152 1431 1190 in,

140 1213 247 1252 tuitu
286 1213 548 1265 summopere
585 1211 721 1250 arduas
747 1241 759 1262 ,
810 1211 1006 1251 resoluere
1043 1215 1272 1263 poterimus
1325 1216 1431 1256 vnde

138 1276 179 1317 in
230 1274 426 1326 Analysin
483 1275 719 1330 plurimum
773 1274 873 1314 lucis
923 1278 1131 1315 inuretur.
1233 1278 1300 1317 Ad
1347 1276 1427 1320 hoc

139 1338 417 1394 praestandum
455 1350 611 1381 tantum
647 1351 749 1392 opus
779 1339 891 1390 erit,
936 1350 981 1381 vt
1020 1339 1120 1381 hauc
1157 1341 1427 1394 posteriorem

137 1405 379 1455 iolutionem
417 1407 463 1448 ad
500 1405 701 1446 clementa
739 1405 887 1461 prioris
919 1405 1094 1448 sollicite
1130 1418 1385 1450 reuocemus.

179 1527 457 1593 Applicatio
494 1527 726 1581 Methodi
755 1527 1042 1603 posterioris
1076 1529 1141 1581 ad
1183 1524 1393 1582 solutio·

581 1610 698 1646 nem
742 1611 976 1661 priorem.

295 1703 366 1735 20.
402 1694 608 1747 Quoniam
646 1697 686 1737 in
723 1697 934 1751 posteriori
970 1697 1172 1739 solutione
1205 1697 1287 1738 iarn
1337 1697 1426 1739 for*

141 1757 269 1799 mulas
306 1771 380 1810 pro
416 1758 539 1797 ternis
572 1762 816 1800 coordinatis
847 1774 892 1810 x,
917 1775 946 1808 y
980 1773 1019 1801 et
1053 1773 1078 1800 z
1113 1763 1255 1811 quibus
1296 1770 1428 1799 natu-

137 1832 180 1861 ra
233 1820 346 1860 solidi
400 1820 668 1870 continetur,
722 1823 972 1872 elicuimus,
1022 1823 1063 1862 in
1114 1834 1163 1862 eo
1197 1822 1309 1862 nobis
1343 1823 1424 1864 erit

137 1883 420 1927 elaborandum
474 1892 520 1923 vt
563 1883 690 1923 etiam
724 1885 920 1925 formulas
955 1897 1031 1937 pro
1066 1884 1196 1934 figura
1231 1888 1345 1937 plana
1381 1888 1422 1925 ia

137 1961 259 2002 quam
294 1946 521 2000 superficies
555 1947 670 1990 solidi
705 1949 933 2003 expiicatur
956 1980 968 1999 ‚
1002 1948 1301 2001 inuestigemus.
1347 1949 1426 1991 Hic

137 2024 229 2055 ante
261 2014 399 2055 omnia
434 2024 558 2053 curua
596 2013 664 2055 illa
699 2013 874 2070 duplicis
906 2023 1150 2054 curuaturae
1185 2013 1210 2055 h
1232 2015 1265 2052 V
1290 2027 1318 2055 v
1353 2027 1422 2055 ac·

140 2079 316 2120 curatius
348 2080 401 2121 est
435 2080 713 2134 perpendenda
739 2111 750 2130 ,
799 2080 954 2134 quippe
986 2092 1085 2135 qnae
1120 2089 1191 2132 per
1243 2080 1422 2134 explica-

141 2144 295 2187 tionem
347 2143 458 2187 illius
507 2144 734 2201 superficiei
775 2148 902 2188 etiam
937 2146 984 2187 ad
1019 2143 1189 2203 planum
1224 2140 1422 2201 perduci-

756 2208 791 2253 B
827 2221 848 2261 3
1332 2219 1411 2252 tur.
