1852 2730
347 195 794 246 VARIATIONVM
830 196 1206 243 TRACTANnr.
1363 205 1422 251 59

129 319 248 363 vnice
283 317 329 359 ad
365 317 570 359 vltinium
607 315 834 358 terminum
872 316 941 367 Μ,
980 315 1047 357 vbi
1082 315 1138 356 dt
1162 306 1248 376 (293)
1283 312 1419 368 ipsum

131 395 356 451 spatiolum
393 393 438 434 M
464 406 498 448 μ
528 391 729 445 exprimit
752 423 763 443 ‚
813 391 1022 447 similique
1058 393 1183 433 modo
1216 389 1257 429 in
1316 388 1419 429 alte-

130 472 219 501 ram
255 469 408 514 partem
445 469 519 512 pro
556 457 677 497 initio
711 455 757 496 A
802 457 1017 510 spatiolum
1069 455 1162 496 Αα
1214 452 1422 506 ingredie-

133 534 214 564 tur.
314 523 418 562 Hinc
475 531 580 573 patet
636 520 665 560 si
715 532 858 561 omnes
901 533 1051 563 curuae
1086 520 1301 576 proximae
1336 531 1421 575 αμ

134 599 208 642 per
242 587 344 639 ipsos
379 586 517 625 ambos
552 585 752 624 terminos
789 583 835 625 A
885 597 926 627 et
978 585 1024 627 M
1077 588 1277 626 ducantur
1328 593 1420 625 tum

133 651 405 693 variationem
438 650 627 689 secundae
661 649 787 703 partis
822 650 863 689 in
899 650 1081 690 nihilum
1115 649 1236 691 abire.

284 775 358 812 40.
393 760 702 803 Consideremus
738 772 876 803 autem
931 764 1067 803 casum
1093 793 1105 812 ‚
1157 774 1241 815 quo
1292 772 1422 804 curua

135 828 324 883 proxima
357 841 384 867 α
405 839 440 881 μ
477 839 547 880 per
583 828 766 880 primum
804 828 968 881 quidem
995 828 1221 869 terminum
1248 826 1285 866 A
1308 835 1426 866 tran-

134 893 184 934 sit
219 905 297 932 non
336 903 432 932 vero
466 904 627 944 quoque
664 904 734 946 per
770 893 946 934 alterum
985 893 1057 943 M,
1099 893 1161 936 sed
1214 893 1263 931 fit
1315 901 1426 945 pun·

134 958 247 1000 &um
300 969 336 1011 μ.
387 958 476 997 eius
528 957 760 1008 termium,
815 968 934 1012 atque
966 958 1140 1000 variatio
1172 968 1227 998 ex
1259 954 1426 997 secunda

135 1031 247 1079 parte
282 1031 370 1061 nata
404 1031 484 1062 erit

235 1088 829 1160 :Miss(P-}{-÷—‘¹—d-2¹3
863 1096 964 1154 eto).

747 1139 801 1159 (2⁴1-

138 1190 277 1244 Atque
314 1188 409 1230 hinc
444 1191 566 1230 etiam
604 1189 771 1232 definire
806 1192 1037 1244 poterimus
1071 1188 1345 1231 variationem
1371 1198 1425 1231 ex

136 1255 280 1295 eodem
325 1255 432 1294 fonte
467 1256 683 1296 oriundam
709 1286 720 1305 ,
754 1255 782 1296 si
816 1267 943 1296 curua
978 1257 1167 1309 proxima
1202 1256 1310 1309 Αμ,
1344 1265 1429 1294 non

137 1318 180 1360 in
203 1320 287 1373 ipso
308 1318 459 1372 puneto
480 1333 515 1374 μ.
536 1321 595 1360 {ed
617 1319 700 1360 alio
719 1332 963 1374 quocunque
989 1333 1017 1361 ω
1039 1320 1287 1361 terminetur
1309 1348 1321 1369 ‚
1353 1330 1429 1359 ex·

141 1383 284 1425 istente
328 1384 487 1438 semper
523 1383 743 1426 interuallo
779 1398 863 1440 μω
904 1384 1063 1427 infinite
1101 1396 1238 1439 paruo.
1290 1382 1430 1426 Docta

139 1451 252 1489 enim
288 1447 486 1503 applicata
520 1459 660 1506 camp,
694 1452 870 1492 variatio
904 1452 1029 1492 modo
1064 1453 1229 1492 inuenta
1266 1448 1427 1503 insuper

140 1515 280 1564 augeri
332 1514 446 1556 debet
481 1516 685 1568 particula
720 1515 923 1557 formulae
944 1514 1027 1574 sZ
1045 1516 1138 1566 dx,
1191 1525 1293 1569 quae
1345 1512 1431 1556 ele·

145 1587 289 1617 mento
323 1578 515 1633 szdx
549 1581 791 1634 respondet,
833 1594 934 1637 quae
970 1580 1169 1636 particula
1210 1591 1338 1633 quum
1376 1577 1425 1621 sit

142 1652 195 1681 :-
216 1637 265 1680 Z·
311 1640 404 1694 Pp,
439 1655 513 1694 pro
545 1657 639 1685 arcu
674 1658 824 1688 curuae
862 1649 1076 1701 proximae
1112 1648 1150 1689 A
1174 1659 1202 1687 ω
1240 1645 1320 1687 erit
1354 1653 1430 1700 vaf

142 1703 266 1745 riatio
300 1715 351 1743 ex
386 1706 549 1747 secunda
586 1720 695 1760 parte
735 1711 905 1751 oriunda

295 1929 374 1974 41.
409 1912 601 1956 Ducatur
635 1920 742 1961 reera
777 1921 821 1963 M
845 1935 873 1963 ω
909 1933 950 1964 et
1007 1937 1248 1979 quaeramus
1300 1940 1432 1984 angu-

143 1978 235 2022 lum
271 1996 299 2023 ω
325 1982 447 2031 Mm,
482 1993 607 2034 quem
644 1982 742 2028 haec
780 1988 884 2029 rcc‘ta
919 1988 1004 2030 Μω
1040 2002 1136 2032 cum
1173 2005 1295 2036 curua
1319 2000 1431 2050 prin·

142 2046 264 2099 cipali
298 2046 506 2087 constituit
527 2077 538 2097 ‚
571 2059 750 2097 ponatur
799 2052 865 2092 iste
918 2055 1089 2107 angulus
1139 2070 1167 2097 ω
1188 2058 1239 2100 Μ
1261 2072 1297 2102 m
1323 2073 1368 2100 :-
1397 2074 1428 2105 ω

143 2120 183 2152 et
217 2111 334 2154 dusta
373 2110 417 2151 M
440 2109 480 2152 Ο
514 2111 587 2166 ipfi
624 2113 690 2170 Pp
724 2115 917 2170 parallela
939 2150 951 2171 ,
1003 2133 1094 2174 quia
1130 2122 1182 2163 est
1241 2128 1433 2179 proxime

145 2187 181 2219 m
201 2188 292 2218 m:-
315 2175 362 2220 M
383 2188 420 2230 μ.
478 2185 519 2217 et
573 2179 714 2234 anguli
766 2193 802 2222 m
825 2182 870 2223 M
891 2194 911 2224 o
935 2195 1099 2240 tangens
1116 2201 1167 2230 :-
1180 2196 1210 2248 p
1264 2191 1433 2245 ideoque

754 2245 794 2287 H
832 2258 856 2286 2
1357 2265 1430 2297 om
