1852 2730
464 157 887 206 INCONGRVE
940 156 1153 203 vetus.
1394 175 1454 214 79

174 284 240 327 vel
277 287 316 326 in
353 287 519 340 primo,
557 279 623 322 vel
658 282 697 322 in
731 281 927 332 secundo,
961 282 1117 330 tertio,
1152 286 1310 333 quarto,
1331 277 1453 332 quin-

173 361 217 392 to
272 350 337 392 vel
390 354 500 391 texto
548 348 703 401 periodi
754 348 934 388 termino
983 345 1170 398 abrumpi
1221 345 1454 387 censeatur:

172 416 303 466 igitur
345 416 387 455 in
421 415 546 456 tribus
579 412 727 454 cafibus
758 411 806 453 fit
854 413 1013 453 summa
1067 410 1181 453 seriei
1233 419 1362 463 ΞΟ,
1409 409 1454 449 in

170 481 326 522 duobus
361 479 410 520 fit
441 482 604 521 summa
641 492 690 519 z
718 490 736 516 1
776 487 817 518 et
867 478 908 518 in
958 477 1081 518 vnico
1128 476 1214 519 casu
1265 489 1311 516 z
1333 497 1373 504 -
1401 486 1456 517 1:

169 557 267 597 ergo
303 543 417 584 valor
454 546 636 584 (iimmae
671 543 709 581 in
745 540 938 589 obfirmo
972 541 1193 582 statuendus
1226 543 1328 586 Σὲ.

317 608 357 649 Si
433 607 562 648 lubeat
618 606 782 658 insuper
837 606 1186 647 combinationem
1243 605 1454 646 instituere

169 675 274 713 inter
308 671 423 713 series
459 667 556 726 (A),
590 667 655 722 (B)
689 681 730 710 et
764 668 847 721 (C),
881 670 1170 724 qualiscunque
1206 669 1281 710 illa
1318 670 1455 721 fuerit,

165 749 272 777 noua
305 737 396 777 inde
434 734 675 790 proueniens
711 734 826 775 series
867 734 1076 774 summam
1126 733 1288 775 habebit
1336 747 1452 788 prm-

164 804 275 855 cipio
307 801 440 842 nostro
473 799 612 841 exueste
654 798 923 840 conformem.
1010 798 1057 840 ld
1110 798 1280 852 quidem
1336 799 1454 851 prin-

162 868 321 920 cipium
360 867 444 906 iam
480 876 570 905 ante
604 863 678 904 hos
727 864 989 918 quadraginta
1040 875 1198 913 annos,
1251 874 1351 903 curn
1408 862 1452 903 in

160 931 488 984 contemplandis
524 929 691 970 seriebus
726 928 1026 970 recurrentibus
1064 939 1131 968 me
1175 939 1415 982 occuparem
1439 958 1450 979 ,

162 1000 442 1050 perspexeram
468 1028 478 1046 ,
514 1007 619 1035 nunc
654 1004 791 1036 autem
829 996 870 1034 in
903 994 1038 1035 lucem
1092 1005 1245 1047 ponere
1299 992 1452 1042 volui,

163 1071 210 1101 vt
248 1061 338 1102 inde
373 1060 546 1112 genuina
583 1058 824 1100 huiusmodi
860 1059 1190 1100 summationum
1247 1058 1452 1111 interpre-

167 1126 268 1164 tatio
304 1135 492 1179 pateret,
529 1123 608 1164 fine
643 1136 722 1176 qua
756 1123 871 1164 facile
909 1124 1032 1163 n'ubcs
1067 1135 1143 1176 pro
1174 1122 1334 1163 Iunone
1384 1135 1450 1163 ac-

161 1190 244 1242 cipi
282 1189 416 1243 poffet.
484 1179 526 1230 'Si
560 1181 843 1242 concipiamus
873 1188 1072 1242 punitum
1108 1185 1268 1239 aliquod
1311 1184 1448 1225 fixum

158 1252 200 1293 in
237 1252 339 1293 linea
378 1254 482 1294 ree‘ttt
518 1262 559 1293 et
596 1252 767 1304 singulas
797 1257 979 1293 iummas
1034 1250 1232 1305 possibiles
1292 1262 1452 1303 repraev

157 1318 361 1358 sentemus
394 1330 464 1372 per
514 1317 745 1357 distantiam
801 1316 942 1371 punffl
986 1328 1006 1356 a
1061 1313 1237 1369 praefato
1290 1316 1447 1368 paneto

159 1380 275 1434 fixo,
315 1383 566 1437 principium
601 1382 781 1422 nostrum
826 1381 992 1422 exhibet
1038 1380 1265 1420 distantiam
1318 1379 1447 1421 centri

159 1448 409 1498 grauitatis,
467 1458 566 1501 quae
617 1448 805 1488 omnibus
859 1447 937 1487 istis
989 1445 1181 1486 distantiis
1233 1446 1442 1487 conuenit.

160 1509 452 1565 Quotcunque·
477 1512 643 1552 interim
681 1511 850 1552 termini
887 1510 954 1552 sibi
993 1511 1172 1551 inuicem
1211 1509 1410 1550 addantur
1433 1540 1445 1561 ,

161 1573 343 1613 summae
378 1575 498 1615 reales
542 1588 753 1628 nunquam
805 1584 1059 1629 conuergunt
1114 1575 1252 1615 versus
1306 1576 1442 1615 deter-

162 1636 366 1674 minatum
400 1650 584 1678 centrum
620 1640 833 1690 grauitatis
855 1672 865 1691 ‚
906 1642 967 1682 sed
999 1639 1138 1696 potius
1173 1641 1276 1682 circa
1337 1638 1440 1680 iliud

159 1710 178 1737 a
218 1699 366 1751 punfto
401 1701 446 1741 ad
479 1700 674 1753 punistum
712 1704 979 1744 transiliunt:
1036 1704 1161 1755 igitur
1196 1703 1439 1743 huiusmodi

155 1762 275 1802 series
311 1763 386 1804 hoc
425 1765 586 1805 nomine
621 1764 784 1805 inutiles
817 1767 923 1807 fiunt
956 1767 1003 1806 ad
1040 1765 1291 1818 problemata
1330 1764 1440 1818 phy-

157 1825 495 1868 sico-mechanica
533 1829 926 1883 appropinquatione
965 1828 1148 1872 soluenda
1171 1861 1182 1881 ,
1215 1829 1290 1870 nist
1333 1831 1439 1870 sum-

158 1903 223 1930 ma
263 1893 559 1933 vniuscuiusuis
612 1894 767 1944 periodi
818 1896 1102 1946 diminuatur,
1138 1894 1177 1933 id
1211 1894 1317 1945 quod
1354 1906 1437 1935 me-

151 1955 287 1995 diante
322 1958 401 2012 ipfit
439 1959 537 1998 serie
590 1957 806 2011 primitiua
858 1957 1052 2010 infinita,
1102 1957 1263 1998 etiamsi
1316 1957 1436 1998 incon-

146 2029 329 2073 gruenter
360 2034 457 2064 vera
481 2052 492 2072 ,
526 2022 637 2075 saepe
676 2022 765 2062 fieri
802 2024 926 2077 potest
947 2054 960 2074 ‚
1010 2023 1074 2063 vti
1111 2023 1153 2062 in
1188 2021 1434 2065 antecessum

150 2087 290 2125 monui
328 2087 357 2136 ξ.
399 2096 453 2137 53
488 2086 554 2127 vbi
592 2087 677 2127 dixi
713 2088 819 2140 quod
857 2088 988 2142 posito
1020 2099 1121 2128 xz:
1156 2099 1169 2126 1
1209 2087 1394 2141 aequatio

250 2154 960 2212 1—2x—15-3xx-4x³—÷-5x⁴—
980 2172 1115 2207 ete:

1127 2197 1154 2227 (¹
1174 2206 1206 2229 -v-
1218 2194 1268 2227 x)²

1239 2231 1430 2288 equidem
