1852 2730
463 187 522 236 58
890 181 1004 236 &3023
1035 184 1049 235 <
1081 195 1107 227 0
1146 177 1160 238 )
1194 181 1310 235 ‘'a-32³3<-

1061 294 1135 352 V.

506 409 601 473 De
644 405 978 468 Latitudine
1023 408 1266 466 Veneris
1321 406 1706 469 Geocentrica

642 506 914 576 tempore
961 490 1220 552 transltus
1263 493 1342 553 A.
1391 496 1565 576 1769.

547 628 814 691 Au&ore
857 630 936 690 A.
983 626 1028 686 Ι.
1077 626 1282 688 Lexell
1325 648 1454 711 pag.
1502 630 1659 713 669.

576 822 676 853 uum
713 823 767 853 ex
797 810 1133 853 obseruationibus
1166 811 1431 854 contastuurn
1462 812 1633 852 Veneris
1651 823 1749 854 cum

603 875 697 917 Sole
733 889 807 931 pro
841 876 1076 917 Latitudine
1112 877 1288 920 Veneris
1343 877 1602 921 Geocentrica
1655 890 1750 931 pro·

457 939 547 982 deat
580 940 699 983 valor
735 941 942 996 aliquanto
978 942 1108 982 maior
1140 954 1188 983 eo
1210 971 1222 992 ‚
1281 944 1353 997 qui
1388 943 1588 996 reperitur
1623 940 1650 981 si
1699 940 1749 983 ad

461 1003 758 1048 obseruationes
816 1006 1094 1047 distantiarum
1162 1008 1434 1048 minimarum
1486 1009 1715 1048 attendatur
1737 1032 1751 1053 ,

463 1066 530 1111 Cl.
567 1070 690 1111 huius
725 1070 1008 1112 dissertationis
1043 1069 1205 1111 Αυέὶοι·
1240 1074 1282 1112 in
1322 1084 1464 1113 veram
1497 1082 1538 1111 ct
1564 1070 1751 1110 exae'tain

463 1136 734 1185 quantitatem
770 1132 1000 1174 latitudinis
1033 1131 1324 1182 Geocentricae
1364 1147 1418 1176 ex
1467 1133 1752 1175 obseruationi-

463 1195 536 1237 bus
569 1199 843 1240 distantiarum
882 1199 987 1238 inter
1022 1207 1159 1238 centra
1189 1198 1296 1240 Solis
1325 1211 1369 1241 et
1409 1200 1583 1240 Veneris
1629 1199 1752 1237 dedu-

463 1262 631 1303 cendam
652 1294 664 1315 ,
717 1262 925 1316 inquirere
955 1262 1194 1312 constituit,
1247 1274 1293 1305 vt
1323 1276 1372 1304 eo
1410 1264 1500 1316 ipso
1550 1262 1751 1303 constaret

466 1325 634 1368 cuinam
688 1327 1018 1367 obseruationum
1068 1326 1216 1379 speciei
1270 1329 1407 1381 potior
1459 1328 1668 1367 tribuenda
1702 1326 1753 1366 fit

467 1389 580 1431 fides.
650 1390 773 1432 Hunc
808 1391 849 1430 in
891 1390 1017 1430 finem
1052 1403 1117 1430 eas
1155 1391 1364 1444 imprimis
1392 1402 1591 1446 computo
1625 1390 1754 1431 snbie-

467 1456 526 1496 cit
559 1456 853 1497 obseruationes
874 1486 888 1505 ,
933 1467 1038 1508 quae
1072 1454 1267 1496 Noritoni
1299 1459 1337 1497 in
1375 1455 1637 1507 Pcusyluania
1669 1455 1752 1496 cir·

466 1532 510 1562 ca
542 1520 747 1561 distantias
779 1521 989 1573 proximas
1024 1520 1130 1561 inter
1165 1520 1311 1563 limbos
1345 1521 1451 1563 Solis
1491 1532 1531 1562 ct
1583 1519 1751 1558 Veneris

472 1584 679 1626 institutae
731 1583 858 1635 suut,
906 1597 956 1625 ex
1009 1596 1181 1637 quarum
1235 1587 1341 1626 inter
1372 1586 1411 1626 se
1447 1584 1754 1626 combinatione

467 1648 589 1689 valor
623 1649 826 1690 distantiae
861 1650 1056 1690 minimae
1092 1650 1197 1691 inter
1230 1660 1366 1691 centra
1399 1649 1506 1691 Solis
1537 1658 1575 1689 et
1617 1646 1751 1687 Vene-

471 1714 527 1753 ris
579 1715 696 1755 facile
745 1715 990 1767 exquiritur.
1086 1713 1129 1754 Si
1181 1715 1294 1754 enim
1353 1726 1429 1765 pro
1467 1714 1567 1754 datis
1601 1711 1756 1752 duobus

472 1779 725 1831 temporibus
747 1808 758 1827 ‚
805 1779 1050 1818 innotescant
1086 1778 1291 1819 distantiae
1324 1789 1558 1830 apparentes
1589 1785 1753 1814 ceutro-

471 1854 565 1880 rurn
601 1842 706 1882 Solis
737 1850 778 1879 ct
812 1842 980 1881 Veneris
1013 1844 1172 1882 eaedem
1208 1840 1350 1880 efficta
1400 1837 1609 1891 parallaxis
1658 1850 1751 1877 cor·

471 1906 603 1945 restae
637 1905 784 1944 dabunt
818 1916 929 1943 veras
965 1905 1163 1944 distantias
1196 1905 1301 1943 inter
1337 1901 1432 1942 hacc
1469 1903 1547 1956 ipsa
1582 1913 1713 1942 centra
1737 1933 1751 1952 ,

475 1977 565 2007 tuin
603 1980 703 2007 vcro
735 1978 783 2006 cx
820 1978 1003 2019 tempore
1044 1969 1149 2007 inter
1197 1967 1488 2006 obseruationes
1538 1965 1752 2018 praeterla-

474 2033 544 2086 pso
576 2032 734 2072 dabitur
766 2030 913 2071 chorda
951 2045 971 2071 a
1010 2031 1162 2071 Venere
1197 2044 1246 2071 eo
1297 2041 1480 2083 tempore
1534 2032 1752 2081 percursa,

475 2098 648 2149 ideoque
682 2097 723 2135 in
761 2095 965 2147 triangulo
999 2097 1113 2135 cuius
1145 2097 1218 2134 tria
1260 2096 1406 2135 dautur
1440 2095 1560 2135 latera
1587 2126 1597 2144 ‚
1634 2095 1750 2134 inue-

476 2161 554 2201 niri
591 2173 751 2215 quoque
787 2162 912 2215 potest
949 2159 1294 2215 perpendicularis
1328 2161 1370 2199 in
1404 2159 1508 2200 basin
1541 2157 1752 2208 (chordam

1612 2237 1638 2265 a
1672 2224 1756 2264 Ve—
