1852 2730
625 239 744 295 ⁹⁵25.ss
772 239 790 291 (
825 252 852 284 0
886 234 900 296 >
933 237 1050 292 ἓζεὲω
1467 247 1495 289 7

204 372 248 407 et
277 359 423 408 conica
457 359 616 402 infinita
647 361 767 402 detur
801 360 972 401 varietas
1001 366 1227 410 corporum
1250 386 1265 408 ,
1313 367 1494 410 quorum

205 428 455 481 superficies«
476 424 685 481 superficie
719 424 836 480 plana
868 425 1013 466 obduci
1059 421 1186 479 poffit.
1275 420 1495 478 Postquam

209 504 349 534 autem
388 489 538 532 illustr.
575 489 726 529 Auctor
762 491 889 544 ipiam
923 488 1048 531 huius
1093 486 1338 540 quaestionis
1391 487 1499 530 iolu-

212 557 365 596 tionem
401 554 610 608 expediuit
632 579 644 601 ‚
678 565 823 605 operae
858 557 1040 608 pretium
1073 564 1235 607 quoque
1268 553 1388 594 duxit
1434 554 1497 594 su-

209 619 286 661 sius
319 619 557 668 ostendere,
605 620 817 670 quomodo
866 618 962 659 haec
1016 618 1167 658 solutio
1204 620 1394 671 perducat
1448 617 1496 658 ad

208 683 496 725 resolutionem
534 683 643 723 istius
696 679 960 722 problematis
1016 680 1265 731 Analytici,
1314 683 1361 723 de
1419 694 1501 735 quo

208 750 334 789 modo
388 747 545 799 loquuti
582 746 747 786 fuimus,
833 745 1058 786 Formulae
1093 754 1233 785 autem
1269 757 1368 799 quae
1406 758 1498 787 turn

208 824 285 867 pro
340 810 539 853 valoribus
589 809 818 851 litterarum
868 809 909 860 [ς
941 823 1010 862 m;
1043 822 1089 859 ης
1122 811 1172 857 λς
1207 822 1264 865 μς
1299 822 1342 858 ν,
1395 821 1499 852 cum

213 877 338 917 etiam
378 888 452 929 pro
487 874 687 917 valoribus
742 875 1004 926 integralium
1043 871 1208 931 s(ldt
1235 882 1297 913 -ι-
1320 873 1432 917 >ida
1454 870 1501 926 >5

195 941 376 996 s(mdt
397 949 460 988 4-
486 940 621 995 μάιι)
643 955 654 991 3
679 939 757 993 s(n
777 940 834 980 dt
855 947 917 987 4-
940 937 1059 994 vdu)
1093 950 1383 993 proponuntur
1412 950 1501 980 tan-

212 1015 252 1046 ta
287 1005 557 1047 concinnitate
591 1013 632 1045 ct
664 1004 863 1058 elegantia
902 1005 937 1045 se
971 1004 1263 1046 commendant
1288 1032 1301 1054 ‚
1335 1014 1382 1045 vt
1417 1016 1498 1045 non

212 1069 356 1125 poffint
393 1082 475 1110 non
508 1068 744 1112 Geometris
774 1069 847 1109 effe
883 1069 1140 1122 gratiffimae.
1236 1070 1380 1110 Tertia
1430 1069 1502 1108 de-

213 1147 334 1175 mum
372 1133 520 1174 {olutio
555 1134 816 1175 Problematis
848 1133 1167 1175 commemorati
1198 1134 1414 1175 deducitur
1448 1144 1502 1174 ex

214 1197 393 1239 Theoria
444 1197 544 1239 lucis
594 1209 634 1240 et
685 1198 885 1248 vmbrae,
934 1198 1041 1239 facili
1091 1197 1238 1238 scilicet
1273 1197 1499 1240 attentione

214 1260 386 1303 adhibita
436 1262 596 1316 liquet,
648 1275 789 1303 omnes
840 1261 990 1315 figuras
1041 1264 1288 1304 vmbrarum
1335 1264 1390 1303 ita
1425 1262 1500 1302 effe

212 1337 495 1380 comparatas,
531 1336 576 1366 vt
611 1327 650 1366 in
687 1326 853 1380 planum
889 1327 1086 1383 explicari
1137 1337 1317 1378 queant,
1366 1338 1502 1380 quum

215 1391 328 1432 enim
364 1392 464 1432 radii
502 1391 673 1431 luminis
708 1403 985 1446 propagentur
1018 1395 1239 1433 fecundum
1277 1391 1398 1432 lineas
1434 1404 1501 1431 re-

214 1455 325 1505 etas,
378 1468 478 1509 quae
530 1456 629 1496 dum
679 1468 831 1510 corpus
860 1469 1035 1511 opacum
1072 1457 1270 1510 stringunt
1308 1457 1501 1497 vmbram

214 1521 422 1571 formant,
472 1532 616 1561 ornnes
664 1534 767 1562 vero
821 1519 866 1561 hi
919 1521 1020 1562 radii
1075 1520 1200 1563 simul
1235 1531 1318 1562 tam
1354 1533 1501 1575 corpus

215 1583 401 1625 lucidum
425 1615 438 1634 ,
487 1597 612 1637 quarn
662 1597 840 1639 opacum
877 1595 1042 1639 tangant
1076 1588 1251 1640 adeoque
1283 1585 1367 1628 bini
1405 1599 1505 1639 pro·

216 1648 323 1689 ximi
361 1649 400 1688 in
434 1650 581 1690 eodem
620 1648 738 1702 plano
772 1649 836 1690 fiti
873 1648 983 1703 sint,
1039 1652 1118 1691 iam
1163 1650 1340 1692 omnino
1394 1660 1502 1704 patet

215 1724 278 1752 eas
312 1714 558 1753 conditiones
593 1713 782 1766 impletas
814 1715 888 1756 effe
909 1746 921 1765 ,
954 1728 1052 1768 quae
1086 1716 1131 1756 ad
1168 1716 1246 1758 hoc
1281 1717 1502 1766 requirun-

217 1785 284 1816 tur
306 1805 320 1825 ‚
370 1786 416 1816 vt
459 1776 689 1829 superficies
724 1780 840 1818 solidi
875 1779 916 1817 in
954 1781 1118 1831 planum
1155 1780 1203 1820 fit
1237 1777 1501 1831 explicabilis,

217 1839 459 1881 Admodum
495 1848 633 1880 autem
669 1839 844 1893 fimplex
877 1841 931 1881 est
965 1843 1144 1891 solutio,
1190 1831 1292 1897 quae⁴
1322 1854 1373 1883 ex
1424 1841 1503 1885 hac

216 1903 530 1945 consideratione
581 1904 829 1954 deducitur,
879 1904 1024 1948 scilicet
1070 1905 1098 1947 sl
1134 1918 1213 1948 tres
1245 1908 1501 1949 coordinatae

218 1969 263 2009 ad
321 1966 575 2022 iuperficiem
612 1969 798 2011 dicantur
832 1979 940 2020 x‚y‚
970 1984 997 2012 z
1029 1971 1186 2012 inuenit
1226 1971 1373 2014 liluur.
1411 1975 1502 2014 Au-

218 2032 305 2072 &or
355 2044 541 2072 naturam
593 2031 715 2074 huius
762 2033 989 2085 superficiei
1035 2034 1098 2076 his
1123 2027 1279 2080 duabus
1315 2036 1499 2078 exhiberi

220 2096 527 2147 aequationibus
548 2109 650 2148 y:
670 2098 779 2141 P-÷-
805 2097 891 2154 Qx
923 2110 961 2139 et
995 2112 1089 2144 z:
1111 2102 1146 2143 R
1165 2102 1274 2148 -1—-S
1293 2113 1322 2142 x
1343 2132 1355 2150 ,
1391 2099 1502 2156 posi-

221 2162 271 2201 tis
306 2160 349 2208 Ρ,
380 2161 441 2216 Q,
477 2163 527 2212 R,
560 2160 586 2201 S
621 2163 893 2204 functionibus
923 2164 1229 2219 quibuscunque
1263 2178 1390 2207 nouae
1424 2177 1502 2206 va-

218 2224 370 2268 riabilis
421 2222 489 2280 Φ,
541 2227 668 2269 modo
718 2228 785 2271 issa
837 2227 1060 2286 impleatur
1111 2230 1317 2283 conditio,
1368 2240 1416 2272 vt
1434 2228 1502 2313 dfig

1432 2330 1452 2357 d
