1852 2730
250 1369 438 1404 Ventriculi

248 1418 355 1454 dextri
381 1419 417 1454 fi-

247 1481 339 1514 gnra.

246 1519 336 1554 Tab.
362 1521 430 1554 XII.

245 1568 318 1613 fig.
348 1579 382 1614 3.

484 172 572 219 478
818 164 901 206 DE
952 161 1152 205 CORDE
1201 161 1425 206 LEoms.

472 281 687 334 „anueret
709 310 720 329 ‚
760 290 854 330 quae
886 289 926 318 eo
959 278 997 317 in
1032 275 1104 316 loco
1135 276 1248 330 ipsum
1286 277 1378 327 tegit
1399 307 1409 326 ‚
1448 288 1558 327 quam
1593 279 1745 321 duarum

473 347 703 398 „linearum
803 342 939 393 Versus
993 340 1091 392 bcfin
1147 351 1212 379 non
1261 340 1390 393 plures
1433 338 1598 380 habehat
1637 356 1745 394 quam

474 414 640 463 „septem
660 437 671 456 ,
704 414 787 457 quot
823 409 940 445 etiam
969 404 1183 460 praeditum
1218 413 1303 444 erat
1327 404 1474 459 seplum
1503 403 1598 450 sere.
1620 435 1647 454 ,‚
1682 410 1746 447 Ex

472 472 534 512 his
590 472 716 522 igitur
762 480 869 522 patet
890 496 902 516 ,
957 469 996 509 in
1030 468 1118 509 aliis
1151 467 1319 508 leonum
1355 468 1533 508 numetis
1566 470 1744 521 reipcetu

471 533 799 576 ventriculorum
832 534 966 574 cordis
998 534 1168 583 eadem,
1207 546 1306 585 quae
1342 533 1562 586 proposui,
1612 534 1746 574 obser-

469 608 562 639 vata
595 599 683 639 effe.
770 598 920 648 Aliqua
955 607 1088 638 tamen
1122 598 1242 649 sunt,
1285 598 1324 636 in
1358 597 1501 649 quibus
1535 596 1578 636 hi
1613 598 1746 639 aufto·

476 675 538 703 res
571 676 592 703 a
631 662 731 702 meis
763 661 981 703 obieruatis
1033 662 1274 702 dissentiunt.
1362 662 1556 713 Figuram
1601 673 1746 715 nempe

469 727 583 767 cordi
617 728 844 768 attribuunt
877 725 1090 777 oblongam
1114 757 1125 776 ‚
1176 735 1215 765 et
1251 725 1466 780 “cuspidem
1501 726 1616 766 valde
1655 738 1745 766 acu-

471 793 701 842 minatam‚‚.
782 791 829 831 ln
888 801 980 830 meo
1026 801 1133 831 certe
1187 790 1359 830 tubicem
1392 803 1464 830 cor
1497 800 1537 829 et
1575 790 1741 842 planum

469 855 547 895 fuit
596 855 647 895 ob
695 855 816 908 ipsam
866 853 998 894 carnis
1047 854 1285 894 tenuitatem
1337 862 1375 891 et
1419 854 1743 894 ventriculorum

468 918 821 972 amplitudinem,
871 927 912 958 et
950 918 1274 968 subrotundum‚
1323 919 1560 970 cuspideque
1612 920 1744 966 potius

469 984 679 1036 priuatum
700 1014 712 1037 ,
750 983 866 1021 cuius
899 982 957 1021 rei
989 994 1151 1035 quoque
1184 982 1307 1034 ipsius
1340 991 1491 1022 caulam
1528 981 1743 1033 adfignaui.

467 1046 657 1099 Denique
689 1058 759 1086 cor
792 1045 922 1084 leonis
953 1043 1103 1085 “multo
1137 1048 1258 1086 maius
1294 1058 1450 1098 quoque
1494 1047 1609 1086 iuxm
1653 1054 1743 1100 pro·

468 1111 743 1163 „por-tionem„
777 1107 943 1148 laudatis
979 1109 1222 1150 Auctoribus
1273 1111 1407 1149 visum
1461 1110 1514 1150 (st
1537 1142 1548 1161 ,
1597 1112 1744 1161 “quam

468 1175 543 1225 „in
577 1173 650 1214 vllo
684 1173 757 1213 alio
793 1172 996 1223 animalL„
1068 1173 1144 1214 Sed
1195 1174 1243 1214 de
1291 1175 1571 1226 magnitudine
1622 1173 1744 1215 huius

465 1238 629 1279 visceris
662 1238 702 1276 in
739 1236 1057 1290 subsequentibus
1087 1249 1138 1277 ex
1175 1237 1357 1278 instituto
1388 1239 1532 1278 dicam.

615 1360 884 1401 Ventriculus
936 1361 1077 1400 dcxter
1133 1359 1171 1398 in
1227 1358 1340 1399 leone
1396 1357 1532 1410 primo
1585 1358 1737 1400 intuitu

461 1423 676 1476 oblongiot
709 1437 830 1478 quam
866 1425 906 1463 in
940 1423 1032 1463 aliis
1068 1422 1306 1463 animalibus
1339 1424 1411 1462 esse
1440 1425 1612 1463 videtur.
1650 1422 1735 1463 Ac-

463 1489 657 1529 curatiori
695 1499 828 1529 tamen
863 1488 1055 1527 examine
1092 1487 1275 1525 instituto
1328 1494 1468 1535 patet,
1520 1485 1738 1524 latitudine

463 1552 582 1594 illum
621 1552 756 1593 multo
793 1552 936 1602 magis,
967 1561 1087 1601 quam
1129 1547 1388 1598 longitudine
1423 1548 1606 1600 superare
1640 1559 1738 1586 ven-

462 1615 668 1657 triculum
712 1615 881 1656 felinum
905 1644 916 1664 ‚
949 1612 1181 1652 humanum
1217 1620 1259 1650 et
1293 1610 1536 1651 vitulinum.
1609 1611 1740 1651 Totus

460 1680 574 1722 enim
627 1677 878 1720 ventriculus
933 1677 974 1717 in
1026 1677 1122 1717 duas
1172 1675 1282 1729 quasi
1334 1685 1462 1729 partes
1521 1674 1734 1715 secundum

463 1744 768 1797 longitudinem
807 1743 846 1782 in
881 1740 993 1781 leone
1037 1739 1187 1781 diuisus
1228 1741 1311 1788 est,
1364 1740 1404 1779 in
1457 1737 1737 1787 anteriorem,

462 1821 565 1863 quae
599 1818 688 1848 ante
721 1809 879 1861 septum
914 1805 984 1845 sita
1016 1805 1071 1846 est
1092 1832 1103 1853 ,
1143 1813 1183 1845 et
1216 1802 1257 1843 in
1294 1803 1553 1855 posteriorem
1576 1831 1587 1850 ‚
1639 1813 1735 1854 quae

465 1883 577 1913 retro
611 1874 769 1924 septum
827 1869 1075 1910 absconditur
1122 1878 1164 1908 et
1210 1867 1403 1906 anteriori
1458 1867 1733 1919 magnitudine

464 1937 540 1977 vix
574 1936 721 1976 cedit.‹
759 1933 928 1988 Aperto
975 1933 1104 1984 igitur
1147 1930 1375 1971 ventriculo
1425 1931 1503 1971 sola
1554 1932 1733 1971 anterior

462 2001 549 2042 eius
584 2011 672 2053 pars
705 2007 901 2052 apparet,
953 2009 1050 2050 quae
1086 2004 1215 2035 totam
1254 1994 1473 2034 ventriculi
1510 1993 1733 2044 longitudi-

465 2074 578 2113 nem,
608 2063 823 2104 dimidiam
861 2074 958 2102 vero
993 2059 1286 2100 tantummodo
1319 2058 1572 2100 latitudinem
1597 2059 1733 2108 refert,

467 2128 572 2170 vnde
606 2126 745 2182 primo
778 2124 932 2166 intuitu
967 2124 1036 2165 istc
1071 2122 1324 2164 ventriculus
1373 2123 1544 2164 omnino
1597 2121 1732 2162 multo

1607 2196 1730 2240 qnam
