1852 2730
459 232 493 272 ⁶
891 231 1008 287 ”3033
1039 230 1055 293 (
1089 249 1117 281 0
1151 230 1165 292 )
1199 234 1314 290 &tc-g<-

461 345 601 390 Eulero
637 346 676 390 in
713 346 903 403 praesenti
944 349 1230 395 Difl‘ertatione
1262 351 1405 395 allatae
1447 350 1549 397 sunt.
1647 352 1741 399 Ρείἑ

462 425 550 453 mae
584 413 826 466 solutionis,
858 425 959 468 quae
992 415 1100 468 quali
1136 428 1187 457 ex
1224 418 1346 459 meris
1380 417 1596 471 principiis
1626 422 1737 462 Ana-

458 475 599 529 lyticis
631 479 810 520 deriuata
841 479 928 530 est,
980 481 1285 520 fundamentum
1330 481 1370 520 in
1420 492 1472 522 eo
1521 485 1736 532 versatur,

457 543 564 594 quod
598 542 848 585 elementum
882 545 1151 595 quodcunque
1193 542 1419 597 superficiei
1469 544 1618 596 solidi,
1669 558 1735 587 ae-

456 616 604 658 quetur
637 607 840 647 elemento
872 604 1098 657 superficiei
1134 605 1287 659 planae.
1353 607 1442 650 Hoc
1472 610 1599 649 modo
1617 621 1736 663 quae-

456 670 531 711 stio
582 671 650 710 ista
699 669 961 712 Geometrica
1013 671 1224 710 reducitur
1271 672 1317 712 ad
1352 671 1644 714 reiolutionem
1682 677 1735 716 se-

456 734 620 787 quentis
641 733 902 785 problematis
922 732 1134 784 Aualytici
1155 747 1165 775 ε
1200 734 1374 776 binarum
1394 735 1641 778 variabilium
1661 747 1676 777 t
1694 745 1735 779 et

455 807 499 848 u,
519 801 591 851 sex
609 797 773 841 inuenire
796 795 1010 851 furzcliones
1047 796 1080 847 l,
1099 810 1156 846 m,
1177 810 1219 850 n,
1236 801 1280 845 λ,
1299 811 1351 854 μ,
1367 801 1462 840 vita
1492 806 1731 855 comparatas

452 860 699 916 vtformulae
732 861 791 902 ld
813 861 999 908 εμὲ-λά
1023 872 1073 911 u;
1108 873 1148 901 m
1170 863 1194 902 d
1217 870 1298 910 t-1—
1319 863 1397 917 μᾶ
1419 875 1467 914 u;
1503 865 1731 911 ndt-l-vdu

435 925 519 979 fin!
553 924 823 981 integrahiles;
853 933 1061 980 praeterea
1096 927 1254 981 vei-ofit
1276 926 1665 975 ll-i-nznz-1-nn:
1684 943 1731 980 ις

452 992 953 1045 λλ-ῐ-μμ-ξ-ννῑ
981 989 1599 1045 15l7x-l—mpt-4-vn-..to-
1637 990 1731 1033 Hoc

451 1064 589 1095 autem
628 1054 832 1108 problema
868 1054 1006 1108 primo
1037 1054 1191 1095 intuitu
1227 1056 1325 1096 adeo
1357 1056 1529 1096 arduum
1556 1056 1731 1107 videtur,

450 1127 499 1159 Vt
537 1116 612 1160 nisi
648 1119 728 1172 ipsa
763 1118 859 1159 haec
908 1117 1085 1170 quaestio
1131 1116 1396 1160 Geometrica
1448 1120 1576 1160 media
1630 1121 1730 1171 sup-

451 1182 662 1235 peditasset
695 1195 772 1235 pro
804 1194 852 1222 eo
887 1181 1076 1223 soluendo
1097 1211 1110 1233 ,
1163 1183 1236 1225 vix
1269 1182 1446 1236 aliquam
1481 1182 1725 1223 solutionem

451 1245 625 1287 inueniri
675 1245 842 1299 potuisse
896 1246 1069 1289 videtur.
1167 1246 1370 1288 Secundae
1422 1245 1634 1286 solutionis
1672 1256 1726 1288 ex

449 1309 665 1364 principiis
700 1308 970 1353 Geometricis
1004 1309 1222 1361 deduc‘tae,
1256 1312 1565 1353 fundamentum
1605 1310 1645 1349 in
1677 1323 1729 1352 eo

450 1373 664 1426 imprimis
696 1373 820 1414 situm
850 1375 901 1412 est
923 1404 936 1422 ‚
985 1375 1092 1424 quod
1125 1386 1295 1427 corpora
1329 1385 1508 1426 quorum
1557 1373 1727 1428 superfi-

448 1437 528 1478 cies
565 1439 604 1477 in
640 1436 808 1491 planum
844 1435 1040 1489 explicari
1078 1435 1252 1490 possint,
1302 1437 1355 1477 ita
1389 1446 1618 1491 comparata
1651 1437 1727 1480 csse

448 1499 614 1542 debeant
635 1532 647 1551 ‚
690 1511 736 1542 vt
769 1511 821 1540 ex
856 1512 1102 1553 unoquoque
1136 1498 1256 1542 huius
1288 1500 1507 1555 superficiei
1542 1502 1722 1557 puncto,

447 1565 588 1608 saltem
626 1578 704 1606 vna
739 1565 855 1606 educi
890 1565 1008 1619 possit
1046 1566 1150 1607 linea
1197 1565 1336 1614 recia,
1388 1578 1492 1618 quae
1543 1575 1628 1606 tota
1681 1566 1725 1606 in

447 1627 663 1683 superficie
697 1628 746 1670 fit
781 1628 851 1671 sita
876 1660 888 1679 ‚
938 1640 1026 1670 tum
1064 1641 1164 1670 vero
1196 1641 1243 1670 vt
1293 1631 1406 1670 bin-ae
1457 1639 1725 1684 quaecunque

447 1692 686 1735 huiusmodi
723 1693 830 1734 inter
865 1695 900 1734 se
938 1695 1149 1749 proximae
1192 1695 1234 1735 in
1285 1698 1426 1734 eodem
1481 1693 1601 1746 plano
1651 1691 1727 1734 sint

446 1759 718 1806 constitutae,
773 1759 941 1811 ideoque
989 1758 1063 1798 nisi
1114 1757 1191 1798 sint
1245 1755 1456 1810 parallelae
1506 1757 1546 1794 in
1585 1755 1726 1808 aliquo

446 1822 600 1876 prinsto
648 1831 902 1861 concurrant.
985 1822 1073 1862 Hoc
1125 1821 1249 1860 modo
1280 1819 1408 1870 igitur
1441 1816 1606 1870 planum
1641 1817 1721 1867 fit,

446 1898 518 1939 per
548 1886 786 1926 concursum
823 1882 970 1924 harum
1021 1884 1224 1925 restarum
1273 1883 1374 1924 oriri
1423 1879 1573 1923 lineam
1623 1895 1722 1924 cur-

445 1962 542 1989 vam
599 1949 770 2001 duplicis
820 1959 1106 2000 cummunio,
1157 1958 1273 1987 cuius
1319 1957 1461 1988 omnes
1513 1956 1720 1997 tangentes

445 2013 664 2067 produc'iae
699 2014 738 2053 in
777 2013 901 2063 ipsam
938 2012 1193 2065 superficiem
1226 2012 1405 2063 corporis
1433 2009 1597 2062 quaesiti
1652 2013 1719 2052 in-

443 2079 594 2119 cidunt.
675 2078 819 2131 Quum
871 2077 1001 2128 igitur
1053 2076 1208 2117 infinita
1243 2075 1359 2116 detur
1391 2076 1561 2115 varietas
1593 2073 1719 2116 linen-

444 2155 540 2184 rum
593 2153 816 2183 curunrum
866 2141 1036 2194 duplicis
1086 2149 1359 2190 curuaturae‚
1419 2140 1498 2179 iam
1551 2138 1715 2181 nullum

442 2209 610 2263 quidem
642 2207 697 2248 est
730 2206 898 2249 dubium
919 2235 933 2258 ,
969 2205 1071 2260 quin
1103 2214 1260 2260 praeter
1289 2215 1462 2259 corpora
1492 2201 1715 2257 cylindrica

1668 2276 1712 2310 et
