1852 2730
471 213 524 246 ιο
897 191 1011 246 ·’ξ<·ἓζ
1041 193 1056 243 (
1087 206 1114 236 0
1149 187 1167 248 )
1199 191 1314 243 &2⁶3⁴-

470 315 734 370 Perspicuum
767 320 903 353 autem
939 311 992 352 est
1026 310 1255 353 huiusmodi
1286 306 1549 364 expressiones
1599 301 1699 372 (Q
1721 302 1738 362 )

473 386 656 454 (ddxdz)
690 391 974 430 determinatos
1006 387 1163 427 valores
1196 384 1356 440 adipiici
1398 395 1477 423 non
1514 379 1647 434 poffe,
1680 383 1740 425 ni..

474 466 504 508 fi
539 479 572 518 y
620 465 892 506 consideretur
940 474 985 502 vt
1019 463 1281 503 determinata
1317 457 1468 499 funCtio
1505 444 1680 508 ipsorum
1714 467 1742 497 x

475 541 516 572 et
549 539 588 579 t,
625 531 667 570 in
703 528 880 570 doctrina
915 538 1048 567 autem
1087 523 1360 562 variationum
1385 520 1581 561 eiusmodi
1603 519 1747 561 relitio

476 596 584 636 inter
602 606 630 633 x
647 604 685 633 et
702 608 726 641 y
748 603 791 632 vt
815 591 928 642 plane
947 586 1151 638 incognita
1173 586 1337 638 spectari
1373 586 1468 626 solet
1489 616 1499 634 ‚
1538 585 1747 637 imprimis

478 659 637 711 quando
659 657 781 696 huius
799 652 1001 692 doctrinae
1020 649 1237 703 applicatio
1258 649 1304 689 fit
1323 679 1334 699 ,
1367 652 1412 689 ad
1439 649 1680 700 quaestiones
1698 648 1747 688 de

481 720 678 761 maximis
693 726 734 759 et
756 715 958 763 minium,
976 714 1039 754 vbi
1062 714 1280 767 requiritur
1299 726 1344 754 vt
1365 712 1598 753 huiusmodi
1618 712 1750 752 varia-

481 787 543 826 tio
563 784 601 835 in
626 780 801 823 nihilum
825 779 945 819 abeat.
1004 778 1302 818 Ostendendum
1329 779 1453 830 igitur
1472 777 1750 830 fuit,quomo-

480 850 535 889 do
566 845 741 887 formula
776 843 888 895 supra
923 840 1037 882 allata
1072 844 1112 881 in
1147 843 1273 883 aliam
1316 841 1586 882 trinsforrnari
1623 838 1751 893 poffit,

485 913 540 953 ita
570 917 843 964 comparatam
864 936 875 955 ,
925 917 970 946 vt
1005 906 1071 946 sub
1103 905 1213 956 signo
1248 905 1513 945 iummatorio
1556 916 1632 943 non
1683 916 1752 944 oc-

483 985 622 1018 currat
655 971 726 1013 nifi
762 963 883 1032 (ΗΓ)
906 1000 918 1020 ,
956 981 1006 1010 ex
1037 981 1119 1024 quo
1152 968 1362 1022 colligitur
1387 998 1398 1019 ‚
1449 980 1524 1023 pro
1558 969 1646 1008 casu
1681 978 1754 1007 va·

484 1044 666 1087 riationis
699 1043 997 1093 euanescentis,
1032 1043 1263 1083 membrum
1299 1043 1397 1083 istud
1432 1043 1546 1096 {igno
1579 1043 1756 1084 summa-

486 1109 598 1150 torio
631 1108 818 1148 affectum
852 1109 892 1147 in
931 1106 1109 1147 nihilum
1154 1107 1272 1147 abire.
1360 1107 1579 1148 Methodus
1629 1106 1758 1157 haec,

487 1184 588 1226 quae
621 1172 667 1211 ad
701 1183 955 1224 quascunque
989 1169 1254 1222 expressiones
1288 1172 1458 1212 duarum
1501 1170 1757 1210 variabiliurn

488 1245 598 1291 patet
618 1265 630 1285 ,
662 1235 785 1275 etiam
819 1233 931 1275 facile
964 1233 1153 1287 adplicari
1185 1235 1337 1287 potest,
1369 1237 1416 1275 ad
1449 1234 1642 1276 formulas
1659 1244 1760 1286 quae

491 1309 572 1342 tres
606 1298 817 1340 variabiles
847 1311 889 1348 x,
916 1312 958 1347 y,
991 1309 1016 1337 z
1050 1296 1265 1348 inuoluit,
1317 1300 1357 1338 in
1393 1299 1468 1339 hoc
1501 1309 1639 1338 autem
1691 1308 1763 1336 ne-

494 1365 610 1417 gotio
659 1362 856 1404 necessum
911 1363 964 1403 est
1016 1373 1137 1401 vuam
1190 1375 1330 1403 earum
1386 1365 1448 1404 vti
1490 1375 1515 1403 z
1552 1372 1760 1413 tamquam

491 1428 746 1470 fuiiffionem
779 1429 963 1469 binarum
999 1424 1246 1479 reliquarum
1281 1438 1309 1467 x
1347 1437 1388 1467 et
1421 1441 1455 1477 y
1506 1425 1760 1467 considerare.

495 1493 596 1534 Heic
648 1492 776 1542 igitur
828 1490 993 1542 regulae
1045 1491 1369 1543 praescribuntur
1421 1503 1495 1544 pro
1529 1489 1764 1529 inuenienda

496 1555 725 1597 variatione
775 1555 1072 1609 expressionum
1123 1567 1220 1608 quae
1262 1554 1326 1596 vel
1360 1554 1455 1594 solas
1489 1553 1692 1594 variabiles
1725 1564 1766 1600 x,

482 1633 534 1672 y,
568 1632 590 1660 z
627 1618 843 1660 inuoluunt
865 1644 878 1668 ‚
918 1620 984 1660 vel
1018 1629 1224 1671 praeterea
1259 1618 1531 1659 differentialiu
1565 1628 1768 1670 quaecuu-

499 1696 579 1738 que
611 1683 729 1736 ipfius
768 1696 811 1731 z,
845 1681 910 1724 vel
944 1684 1114 1736 denique
1147 1683 1366 1724 formulam
1405 1681 1642 1733 integralem
1693 1681 1769 1719 du-

504 1747 694 1801 plicatam
724 1746 833 1797 ssZ
854 1746 924 1785 dx
941 1747 1006 1796 dy
1040 1748 1106 1787 vbi
1142 1744 1178 1786 Z
1212 1749 1265 1786 est
1307 1746 1462 1786 funstio
1510 1754 1770 1794 quaecunque

504 1810 766 1850 variabilium
800 1821 911 1858 x‚y,
943 1821 970 1846 z
1018 1818 1060 1847 et
1112 1808 1440 1848 differentialium
1494 1817 1771 1860 quorumcun-

505 1885 584 1925 que
619 1871 737 1924 ipsius
770 1883 817 1919 z,
851 1870 1069 1921 integratio
1110 1881 1248 1910 autern
1299 1872 1351 1910 ita
1403 1870 1638 1910 instituenda
1687 1870 1771 1920 eii,

507 1947 556 1976 vt
593 1948 666 1988 pro
699 1936 829 1989 prima
864 1934 1134 1986 integratione
1170 1934 1247 1974 solu
1277 1946 1306 1974 x
1340 1944 1384 1975 vt
1433 1934 1634 1974 variabilis
1685 1945 1769 1974 tra-

509 2000 674 2048 &etun
712 2011 784 2051 pro
817 2000 975 2038 {ecunda
1010 2009 1149 2038 autem
1185 1997 1259 2038 (0121
1278 2011 1323 2046 y.
1390 1997 1525 2038 Simili
1564 2009 1771 2038 vcromo-

510 2064 563 2104 do
615 2073 720 2116 patet
771 2062 892 2101 huius
945 2060 1138 2102 Methodi
1192 2060 1498 2114 applicationem
1534 2062 1646 2101 facile
1683 2060 1771 2103 sieri

513 2125 651 2184 poffe,
683 2128 730 2170 ad
763 2124 957 2170 formulas
991 2136 1161 2182 quatuor
1196 2126 1261 2168 vel
1296 2126 1433 2183 plures
1468 2125 1677 2170 variabiles
1714 2128 1775 2165 in-

1682 2203 1705 2231 v
1713 2188 1776 2233 ol·
