1852 2730
451 156 696 206 AERIS
747 158 834 206 IN
881 157 1140 205 TVBIS.
1346 172 1436 212 303

155 282 281 323 lineas
313 291 490 332 curuas,
546 277 618 319 nisi
653 291 751 334 quae
787 286 894 320 certa
923 277 1205 320 continuitatis
1237 276 1328 333 lege
1363 276 1441 320 sint

158 347 398 401 complexae
420 377 430 396 ‚
488 343 686 398 applicari
726 344 852 399 potest
873 375 885 397 ,
920 343 1247 398 quandoquidem
1282 343 1346 383 his
1378 354 1442 383 ca-

160 411 261 453 sibus
296 411 482 464 aequatio
515 421 654 449 earum
691 418 878 449 naturam
913 408 1152 461 exprimens
1187 410 1342 462 semper
1396 408 1441 448 in

161 476 362 517 calculum
399 473 600 514 introduci
635 472 779 523 debet3
830 484 957 524 neque
991 482 1082 512 ante
1118 471 1234 512 lineis
1282 473 1443 514 discon-

166 541 305 591 tinuis,
340 538 449 579 nulla
484 548 589 577 certa
626 536 716 587 lege
753 539 882 582 ductis
919 537 1028 576 locus
1067 537 1107 575 iu
1142 536 1315 587 Analyfi
1349 549 1444 579 con-

162 605 250 646 cedi
285 603 448 658 potuit,
499 613 624 654 quam
662 600 873 640 sublimior
909 601 1128 652 Analyscos
1179 600 1442 643 infinitorum

160 680 280 722 pars,
330 677 430 720 quae
479 665 583 705 circa
634 664 861 704 functiones
890 664 1065 704 duarum
1101 664 1340 717 pluriumue
1375 679 1446 707 va·

157 731 365 772 tiabilium
403 730 583 770 versatur
616 727 746 768 excoli
781 728 833 768 est
867 737 1037 781 coepta,
1086 729 1202 768 cuius
1254 731 1443 784 equidem

160 805 347 836 naturam
385 793 545 849 primus
578 793 631 833 ita
664 800 944 845 comparatam
980 790 1055 832 effe
1103 791 1310 834 obseruaui
1333 825 1344 846 ,
1399 802 1447 835 vt

161 858 400 900 huiusmodi
450 857 576 899 lineae
629 855 902 897 discontinuae
935 855 985 896 ad
1021 867 1112 896 eam
1146 868 1270 911 aeque
1304 858 1444 899 referri

162 924 363 974 debeant,
396 932 516 975 atque
549 923 673 964 lineae
707 932 853 963 curuae
890 918 1094 973 regulares
1126 930 1234 961 certa
1270 923 1446 976 quadam

163 989 401 1043 aequatione
434 986 632 1041 expressae
652 1017 662 1037 ‚
692 997 821 1038 neque
852 986 949 1026 adeo
985 983 1050 1024 his
1085 985 1366 1037 posterioribus
1384 985 1446 1027 vl-

164 1051 203 1092 la
240 1054 516 1105 praerogatiua
551 1051 599 1092 sit
635 1049 867 1099 tribuenda;
927 1060 1021 1089 curn
1059 1047 1126 1089 hic
1162 1062 1300 1091 earum
1336 1051 1447 1104 quasi

166 1115 323 1157 interna
358 1126 498 1156 natura
531 1118 767 1168 neutiquam
803 1112 1008 1165 spectetur.
1106 1111 1242 1167 Quare
1275 1114 1305 1154 ss
1342 1116 1448 1156 forte

162 1180 266 1220 linea
300 1179 335 1220 C
357 1176 445 1221 mB
480 1180 602 1220 fuerit
638 1190 751 1219 arcus
784 1177 926 1217 circuli
990 1178 1030 1217 in
1082 1179 1217 1219 nostro
1269 1179 1448 1220 instituto

163 1244 209 1283 ad
246 1242 389 1283 circuli
426 1255 613 1284 naturam
649 1245 764 1296 plane
800 1255 881 1282 non
918 1241 1162 1296 respicitur,
1198 1242 1257 1281 scd
1294 1245 1333 1282 iu
1355 1255 1450 1284 cou-

166 1307 388 1347 tinuatione
427 1307 492 1347 illi
530 1307 631 1346 alius
665 1318 778 1345 arcus
810 1305 983 1357 aequalis
1016 1304 1050 1345 B
1074 1304 1115 1345 Μ
1138 1317 1159 1344 c
1192 1306 1352 1345 inuerso
1400 1306 1448 1346 fi-

164 1381 209 1411 tu
262 1370 528 1422 adiungitur,
578 1371 739 1425 prorsus
791 1370 852 1409 vti
912 1368 1004 1409 fieri
1040 1369 1230 1420 deberet,
1284 1370 1310 1410 si
1344 1371 1446 1411 linea

165 1433 255 1475 Cm
279 1435 311 1475 Β
348 1436 456 1475 nulla
490 1447 600 1476 certa
637 1435 788 1475 ratione
818 1433 912 1472 effct
965 1432 1111 1483 ἀηδία,
1161 1435 1271 1486 quod
1323 1435 1447 1475 etiam

164 1500 211 1537 de
244 1496 366 1537 altera
400 1497 498 1538 scala
535 1499 615 1539 En
638 1499 666 1539 F
700 1498 754 1538 est
790 1496 1006 1537 tenendum
1032 1528 1044 1548 ‚
1086 1498 1201 1538 cuius
1234 1500 1444 1540 continua-

169 1561 227 1600 tio
266 1562 291 1600 F
319 1560 354 1600 N
378 1574 397 1601 e
431 1561 491 1600 illi
529 1565 685 1614 semper
723 1560 866 1600 similis
898 1570 939 1598 et
980 1561 1153 1613 aequalis
1203 1562 1318 1602 statui
1374 1564 1444 1603 de-

170 1624 232 1662 bet
260 1653 274 1671 ‚
321 1624 476 1664 etiamsi
528 1627 631 1664 forte
680 1622 790 1663 illius
824 1634 963 1664 natura
997 1623 1117 1676 longe
1152 1626 1273 1666 aliam
1311 1627 1447 1665 conti-

173 1688 402 1728 nuationem
455 1688 653 1728 inuoluat.
735 1686 939 1741 Quoniam
984 1685 1075 1728 haec
1112 1688 1316 1729 linearum
1351 1701 1444 1729 cur-

171 1762 317 1791 varum
354 1752 615 1792 confidzratio
652 1757 806 1802 prorius
841 1750 894 1789 est
930 1761 1030 1789 noua
1054 1781 1064 1800 ‚
1100 1752 1223 1803 iisque
1256 1752 1324 1803 qui
1350 1755 1448 1797 huic

171 1815 310 1855 calculi
347 1818 479 1867 generi
516 1818 695 1856 nondum
732 1817 819 1854 sunt
857 1813 991 1853 assucti
1017 1845 1027 1864 ,
1073 1826 1091 1852 a
1131 1818 1301 1868 receptis
1338 1822 1449 1860 Ana-

169 1879 297 1929 lyscos
334 1880 542 1933 principii.»
576 1881 756 1919 maxime
791 1876 1004 1917 abhorrere
1040 1878 1169 1918 videri
1209 1879 1327 1928 tolet,
1349 1881 1449 1925 hanc

169 1945 509 1984 circumstantiam
543 1944 691 1998 saepius
728 1941 936 1983 inculcasse
973 1941 1148 1983 minime
1194 1944 1444 2000 superfluum

172 2007 223 2048 est
258 2009 534 2051 iudicandum.

1351 2201 1449 2240 Pro-
