1852 2730
397 191 491 232 544
611 174 961 221 CVPRINVS
997 175 1438 226 CHALCOIDES.

393 354 627 408 Longitudo
659 354 708 395 ad
742 356 888 396 caudae
922 355 1096 397 radicem
1171 379 1200 387 -
1265 375 1286 387 ·
1350 379 1369 388 -

394 439 500 450 -—-—-
531 439 638 448 -ω-
671 440 778 448 --
809 439 917 448 ——-
951 422 1003 460 ad
1051 421 1195 463 caudae
1226 424 1355 464 cruris
1386 423 1451 463 ini.

397 548 612 590 Diameter
645 545 771 586 rietus
803 548 888 587 oris
922 548 1050 601 aperti
1086 550 1426 604 perpendicularis

398 632 504 640 -..
542 628 646 636 ——-
678 631 785 640 p—
818 631 924 638 ———
958 632 1064 641 ——-
1098 616 1369 657 transuerialis
1407 637 1424 644 -

541 673 646 713 inter
682 687 793 714 nares
892 696 912 704 -
1011 699 1026 706 -
1124 699 1143 705 -

400 760 508 769 -———
543 738 688 788 capitis
726 738 1065 790 perpendicularis
1097 740 1200 781 inter
1236 741 1372 783 oculos
1414 765 1429 771 -

401 820 509 832 —-—·
547 801 652 840 inter
686 800 824 842 oculos
935 823 956 832 —
1063 825 1082 831 -
1186 827 1206 836 -

402 887 509 895 —-—
541 864 756 904 oculorum
855 886 874 894 -
972 883 989 893 ·
1085 889 1107 897 -
1448 894 1455 899 -

403 951 511 960 -—-
545 927 649 967 inter
686 929 809 968 lineas
847 929 1030 969 laterales
1063 934 1110 972 ad
1146 932 1353 973 branchias
1387 955 1405 961 -
1451 954 1459 959 -

543 992 734 1042 corporis
771 994 1106 1044 perpendicularis
1145 995 1290 1036 ibidem
1368 1016 1386 1024 -

405 1079 514 1091 -,-
546 1054 654 1095 inter
688 1053 808 1095 lineas
829 1053 1009 1095 laterales
1033 1060 1077 1095 ad
1100 1058 1242 1109 pinnas
1272 1060 1469 1103 ventralcs

548 1121 731 1169 corporis
768 1119 1112 1171 perpendicularis
1145 1123 1292 1163 ibidem
1359 1146 1380 1152 -

547 1183 731 1233 corporis
765 1184 1108 1235 perpendicularis
1140 1187 1188 1224 ad
1223 1199 1347 1227 anum
1382 1209 1400 1216 -
1453 1208 1467 1214 —

551 1246 659 1283 inter
693 1246 814 1284 lineas
851 1245 1027 1285 laterales
1059 1248 1105 1286 ad
1139 1249 1306 1287 caudam
1374 1271 1392 1276 -
1457 1269 1473 1277 -

414 1328 527 1338 ———
562 1310 747 1359 corporis
787 1309 1118 1358 perpendicularis
1154 1309 1300 1348 ibidem
1369 1331 1389 1339 -

414 1389 529 1402 ——-
559 1372 739 1423 corporis
767 1371 1108 1422 perpendicularis
1137 1373 1341 1411 maximus
1369 1374 1413 1411 ad
1436 1373 1475 1411 P.

1285 1435 1476 1473 dori-alem

419 1516 530 1526 ——-
562 1497 748 1549 corporis
782 1496 1050 1537 transuersalis
1092 1495 1298 1536 maximus
1333 1496 1478 1535 ibidem
1531 1510 1566 1533 1.

570 1590 650 1631 Cor
685 1590 1009 1644 siibrotundum‚
1061 1590 1144 1641 piso
1186 1590 1259 1629 vix
1313 1590 1477 1640 maius,
1528 1601 1699 1643 corpore

420 1653 680 1693 dextrorium
704 1683 716 1701 ‚
750 1654 928 1692 auricula
962 1653 1225 1693 sinistrorsum
1262 1654 1488 1705 schtiinte‚
1524 1656 1697 1707 pericar-

424 1716 492 1755 dio
539 1727 760 1768 argenteo,
814 1717 1040 1768 tenellum,
1089 1717 1387 1770 diapliragmati
1446 1720 1599 1759 adnexo
1641 1719 1700 1759 iu-

425 1778 600 1821 dumah

584 1843 852 1899 Diophragma
890 1845 1121 1885 rendineum
1148 1873 1159 1893 ‚
1211 1843 1428 1898 stridium;
1471 1847 1703 1901 peritoneum

432 1915 702 1958 argenteum,
736 1908 892 1961 punctis
936 1909 1062 1959 nigris
1097 1909 1331 1948 irroratum.

586 2000 722 2054 Hepar
762 2014 929 2054 corpore
965 2003 1077 2052 lato,
1114 2003 1261 2053 plano,
1296 2003 1586 2056 diapliragmati
1624 2006 1706 2045 suc-

434 2064 650 2104 cumbente
674 2093 685 2110 ,
738 2076 758 2101 c
798 2078 878 2115 quo
912 2070 1133 2116 procedunt
1169 2066 1248 2105 lobi
1300 2078 1404 2115 tres,
1456 2067 1669 2108 ienuiisimi
1699 2096 1710 2116 ,

437 2125 586 2183 longiq
616 2138 794 2182 quotum
833 2129 989 2170 medius
1023 2130 1190 2183 reliquis
1227 2129 1388 2183 longior
1410 2161 1421 2183 ,
1474 2136 1520 2171 ad
1569 2135 1708 2183 pinnas

1547 2203 1711 2234 ventra-
