1852 2730
667 349 767 392 DE

222 438 639 512 CORDE
731 441 1197 514 LEONIS·

575 608 862 649 Auctore

426 718 473 760 C.
538 718 588 761 F.
654 719 1005 762 WOLFF.

309 907 379 937 uae
409 894 513 935 circa
548 893 753 937 musculos
789 901 829 932 et
864 904 1009 933 neruos
1044 893 1083 933 in
1121 893 1235 935 leone
1279 890 1360 934 sm·

338 959 493 1012 gul-aria
529 962 696 1013 reperi,
729 960 768 998 in
809 958 1057 1010 praecedenti
1092 958 1360 1000 Commenta-

339 1027 498 1065 riorum
537 1036 654 1066 tomo
688 1023 870 1076 exposui.
939 1020 1055 1062 Inter
1091 1025 1240 1063 viscera
1275 1033 1367 1063 ma·

339 1091 455 1130 xime
488 1102 557 1129 cor
592 1087 764 1129 notabile
801 1087 853 1126 est
892 1086 943 1126 ob
977 1086 1106 1126 multa
1144 1086 1365 1138 singularia

81 1153 288 1194 attributa.
377 1154 474 1193 Eius
516 1154 652 1205 itaque
686 1150 996 1203 descriptionem
1034 1162 1138 1190 nunc
1174 1154 1330 1191 tradam
1355 1180 1366 1200 ,

78 1218 288 1270 postquam
327 1218 488 1257 effectus
519 1217 725 1259 cuiusdam
764 1213 937 1254 morbofi
977 1215 1229 1255 mentionem
1264 1216 1364 1253 fece-

78 1283 159 1319 rim
189 1308 201 1329 ‚
253 1292 379 1331 quem
434 1283 590 1319 causam
643 1280 791 1319 mortis
840 1278 961 1318 huius
1009 1277 1201 1318 animalis
1248 1276 1363 1318 fuisse

80 1341 285 1385 existimo.

231 1449 374 1505 Quum
410 1461 534 1491 venae
565 1448 750 1491 axillaris
782 1458 924 1491 ortum
978 1460 1029 1490 ex
1080 1446 1250 1490 thorace
1304 1447 1365 1488 ri·
1385 1454 1587 1492 Causamor-

84 1523 239 1552 matern
261 1543 273 1562 ,
310 1514 409 1553 laesa
442 1517 614 1555 fortuito
649 1515 787 1568 pleura
811 1546 823 1566 ‚
876 1525 1021 1565 magna
1057 1515 1173 1567 copia
1208 1508 1432 1565 stingui-‘15
1453 1506 1548 1565 hui—us

83 1575 148 1614 nis
181 1587 233 1614 ex
270 1576 436 1616 thorace
470 1578 649 1623 effluxit.
731 1579 889 1619 Deinde
920 1590 1052 1631 quum
1089 1577 1197 1619 hunc
1245 1591 1365 1631 aper·
1383 1558 1540 1594 ³⁰¹¹¹¹²¹¹¹⁹¹

84 1638 226 1678 viffem
249 1668 262 1689 ,
321 1641 504 1680 multum
541 1655 622 1682 non
660 1643 783 1681 modo
819 1642 960 1680 itidem
999 1642 1235 1693 sanguinis,
1270 1651 1364 1681 tum

84 1702 235 1752 fluidi,
286 1713 376 1743 tum
411 1706 533 1743 etiarn
569 1704 774 1754 coagulati
811 1705 852 1743 in
886 1704 1061 1743 cauitate
1096 1704 1269 1745 thoracis
1301 1717 1365 1745 re·

82 1768 207 1820 peri,
239 1768 299 1807 sed
336 1769 609 1821 pericardium
644 1780 807 1821 quoque
840 1769 951 1810 miro
986 1769 1110 1809 modo
1141 1769 1362 1810 distentum

83 1842 124 1872 ct
160 1832 336 1872 renitens
368 1832 677 1881 inueniebatur,
726 1834 858 1880 adeo,
909 1841 955 1871 vt
991 1841 1121 1873 totam
1153 1834 1234 1874 fere
1270 1834 1362 1874 tho·

83 1898 184 1936 racis
215 1896 433 1936 cauitatem
471 1897 684 1948 repleret,
734 1895 997 1948 pulmonibus
1029 1897 1076 1935 ad
1113 1899 1359 1951 postremam

82 1971 243 2014 partem
281 1959 459 2013 repulsis.
539 1959 770 2000 Pericardio
802 1960 958 2011 incito,
989 1962 1147 2012 sanguis
1183 1976 1278 2004 cum
1312 1961 1359 2003 vi

82 2027 218 2077 erupit
251 2024 485 2076 coagulatus
518 2035 559 2064 et
594 2026 741 2077 niger3
791 2026 986 2077 frustaque
1017 2028 1174 2068 cruoris
1205 2028 1252 2068 ad
1285 2026 1358 2068 oui

81 2090 297 2140 gallinacei
337 2089 658 2141 magnitudinem
695 2091 1036 2143 exprimebantur.
1101 2091 1220 2140 Cor,
1253 2091 1361 2145 quod

82 2164 134 2192 ex
167 2153 330 2194 enormi
364 2155 580 2195 volumine
615 2155 822 2206 pericardii
860 2155 1095 2196 maximum
1131 2157 1214 2196 fore
1250 2156 1361 2197 iudi-

85 2229 301 2273 muerarn‚
348 2218 452 2260 nihii
471 2247 485 2270 ,
531 2221 663 2275 quoad
698 2220 1028 2273 magnitudinem
1061 2220 1105 2262 in
1136 2220 1248 2263 soliti
1285 2220 1361 2259 ha-

1240 2284 1365 2332 bebat,
