1852 2730
318 186 773 236 ACIPENSERIS
812 189 1146 234 ernnm.
1316 208 1405 249 519

127 322 227 352 vero
261 311 415 353 vicibus
452 309 552 352 illud
599 310 748 364 fungi,
800 322 920 353 nemo
973 309 1252 362 inficiabitur,
1304 312 1404 355 licet

127 376 368 417 structuram
405 376 491 417 eius
522 375 697 417 aliarum
733 376 1018 429 glandularum
1061 376 1281 419 structurae
1323 381 1406 420 mi-

125 453 199 481 nus
232 440 544 482 conuenientem
596 442 742 484 videat.
829 440 918 483 Pari
970 442 1092 483 etiam
1147 444 1305 484 ratione
1356 444 1403 486 de

124 506 311 547 sturionis
343 507 531 548 duodeno
565 508 823 548 iudicandum
875 505 948 547 esse
994 508 1201 549 censemus
1223 539 1234 559 ,
1285 508 1428 551 cuius*

125 570 293 612 interior
325 571 530 613 substantia
585 572 807 613 humorem
860 570 1060 626 quendam
1084 605 1094 624 ‚
1151 576 1402 627 pancreatico

123 636 345 689 analogum
384 637 548 678 secernit
571 669 581 688 ‚
634 639 825 690 quamuis
859 627 1073 688 glandulae
1107 637 1309 679 distinctae
1359 641 1401 680 in

121 711 164 739 ea
201 713 395 756 nusquam
430 711 653 755 appareant.
724 701 822 742 Non
858 702 1082 744 admodum
1120 716 1206 744 rara
1229 703 1281 743 est
1303 704 1401 746 haec

122 764 346 817 structum,
381 765 442 807 sed
482 765 662 820 pluribus
693 776 800 807 certe
834 766 1000 820 piscibus
1035 768 1283 809 communis.

266 831 383 888 Quod
417 831 463 871 ad
495 833 586 881 vasa
621 831 779 872 hillario
813 833 992 882 attinet3
1033 833 1177 873 duetus
1215 831 1401 874 notabilis

119 895 356 949 hepaticus,
407 897 613 937 substantia
670 894 826 950 hepatis
861 897 1039 949 vndique
1073 898 1280 947 obtetstuS,
1332 897 1401 938 sub

117 961 199 1002 lobi
234 962 366 1002 dextri
423 961 549 1014 primi
601 960 711 1012 bafi,
764 960 901 1002 versus
952 961 1176 1014 posticam,
1228 972 1400 1016 eamque

117 1026 325 1076 mediam,
363 1024 499 1068 felleae
534 1025 727 1067 vesiculae
761 1027 907 1067 faciem
944 1024 1154 1076 flectitur,
1204 1027 1295 1067 inde
1331 1039 1399 1068 ve-

114 1103 165 1131 ro
212 1102 306 1131 cum
359 1091 499 1131 eadem
553 1092 791 1132 tunicarum
847 1102 924 1144 ope
978 1090 1085 1131 ard'te
1128 1090 1397 1142 coniunctus,

114 1158 230 1197 cursu
267 1157 464 1197 descendit
514 1154 732 1208 parallelo,
781 1157 1028 1208 tandemque
1083 1156 1212 1196 trium
1267 1155 1398 1197 linea-

114 1233 209 1262 rum
244 1220 426 1262 distantia
461 1219 507 1259 ab
540 1222 717 1260 eiusdem
755 1218 861 1260 collo
896 1220 1048 1272 cystico
1089 1220 1229 1261 duCtui
1285 1220 1398 1261 inse-

112 1285 228 1325 ritur.
315 1284 548 1334 Iunguntur
588 1285 718 1324 cidem
742 1315 752 1333 ‚
809 1286 999 1336 proxime
1033 1285 1079 1323 ad
1112 1284 1235 1337 ipsius
1270 1285 1397 1325 inser-

111 1350 266 1390 tionem
289 1376 302 1398 ,
336 1350 417 1389 duo
452 1345 557 1397 alii,
599 1349 750 1390 directe
783 1348 860 1388 fere
899 1347 968 1389 fibi
1006 1348 1188 1388 inuicem
1223 1348 1397 1402 oppost-

112 1414 177 1463 ti,
210 1411 343 1465 alter,
391 1424 413 1453 e
447 1412 676 1454 continuata
713 1413 780 1454 sub
815 1412 953 1466 primo
988 1412 1122 1455 dextri
1159 1412 1295 1454 lateris
1335 1411 1398 1454 lo⁴

111 1477 161 1516 bo
196 1478 402 1518 substantia
437 1487 551 1518 ortus
573 1508 585 1529 ‚
618 1480 852 1520 descendens
873 1509 883 1529 ,
917 1477 1020 1519 alter
1054 1490 1104 1519 ex
1139 1479 1228 1519 imo
1262 1480 1396 1519 ascen-

112 1540 206 1579 dens
227 1572 238 1591 ,
271 1540 501 1594 anguloque
536 1543 765 1584 acutiffimo
795 1555 838 1581 ac
874 1543 1086 1583 communi
1120 1555 1217 1583 cum
1264 1542 1394 1596 priori

113 1604 212 1644 ostio
246 1603 442 1653 cysticum
483 1606 662 1646 subeunt.
747 1605 909 1647 Praeter
942 1606 1013 1647 hos
1045 1607 1129 1648 dno
1161 1606 1232 1647 alii
1267 1605 1394 1646 adhuc

112 1668 252 1709 adsunt
288 1666 465 1721 hepatici
513 1669 688 1720 ductus,
737 1680 911 1722 quorum
967 1681 1105 1722 vnu5‚
1156 1683 1176 1711 e
1230 1671 1392 1711 dextrae

115 1730 267 1786 hepatis
300 1731 503 1785 portionis
537 1733 769 1773 summitate
805 1744 950 1786 ortus,
985 1735 1074 1774 satis
1100 1732 1269 1788 'amplus
1290 1766 1302 1787 ,
1350 1744 1393 1778 et

110 1796 292 1850 hepatica
328 1795 531 1837 (abstantia
566 1797 745 1851 Vndique
777 1800 927 1850 pariter
960 1797 1136 1839 obtectus
1161 1829 1172 1847 ,
1208 1799 1393 1841 median-

113 1863 213 1903 tibus
248 1860 395 1901 tunicis
419 1890 430 1911 ‚
482 1861 727 1903 cholidocho
760 1864 973 1903 communi
1012 1864 1080 1904 sub
1112 1864 1268 1916 angulo
1299 1865 1391 1906 val-

109 1926 158 1967 de
191 1937 311 1966 acuto
341 1926 566 1966 adnetstitur
588 1957 599 1976 ,
642 1928 757 1977 eique
792 1928 929 1969 decem
968 1927 1170 1968 linearum
1206 1929 1388 1972 distantia

109 2004 130 2032 a
164 1991 315 2043 pyloro
349 1990 628 2041 immittitur3
668 1991 771 2032 alter
808 2003 939 2042 vero,
992 1993 1242 2046 praecedenti
1296 1996 1389 2036 bre-

110 2056 203 2096 vior
234 2067 276 2096 et
309 2054 544 2106 angustior,
594 2069 616 2097 e
652 2055 802 2096 sinistra
838 2056 994 2110 hepatis
1024 2058 1235 2111 -portione
1289 2072 1386 2114 pro-

107 2120 301 2170 veniens,
349 2117 622 2172 cholidocho,
673 2121 786 2161 iuxta
828 2119 1048 2173 ingressum
1083 2122 1170 2162 eius
1205 2124 1249 2164 in
1285 2124 1388 2165 inte-

108 2183 255 2226 stinum
276 2212 289 2234 ‚
320 2184 516 2228 inseritur.
601 2184 765 2229 Ductus
798 2185 865 2231 hic
897 2186 976 2243 ipse
1009 2188 1249 2233 communis
1282 2200 1385 2230 mox

1275 2254 1382 2296 infra
