1852 2730
285 210 513 261 NOVVM
547 207 924 254 PLANTARVM
960 206 1172 254 GENVS.
1278 222 1367 268 339

249 327 462 372 Sufficiant
496 327 593 369 haec
626 327 672 367 de
706 327 746 368 K
753 326 1088 371 raschenitmikouia
1135 322 1341 367 Ceratoide
1361 355 1375 375 ‚

98 394 240 449 quibus
274 405 316 435 ea
337 424 347 443 ‚
400 405 499 446 quae
534 395 574 433 in
611 392 746 432 Florae
781 393 970 433 §imru-ae
1004 393 1126 433 lom.
1165 388 1245 432 lIl.
1282 401 1370 444 pag.

108 473 176 508 17.
216 461 312 510 seqq.
349 463 396 498 de
436 455 567 511 planta
601 457 729 498 nostra
764 459 986 510 praedicata
1025 458 1147 508 sunt,
1197 458 1375 497 conferre

99 537 180 566 non
213 523 473 564 mlucundum
506 521 598 561 erit.

255 628 463 672 Addamus
495 628 700 669 coronidis
736 626 827 670 loco
858 630 996 671 iconum
1031 628 1380 682 explicationemz

167 727 254 778 Fig.
296 739 332 766 1.
367 723 460 767 Flos
496 723 690 766 masculus
721 700 1133 771 Krasfferzirznikozciae.
1386 723 1581 762 Tab.xvn.

168 823 257 874 Fig.
298 836 337 863 2.
371 819 464 863 Flos
495 821 693 862 femineus
729 819 1140 874 Kraschcninnikouiae.

170 917 260 970 Fig.
301 930 339 967 3.
377 915 576 959 Pistillum
611 917 791 959 eiusdem
825 928 846 956 e
878 917 1020 971 calyce
1053 923 1284 958 exemtum.

170 1013 260 1068 Fig.
295 1026 335 1065 4.
370 1010 508 1065 Calyx
540 1012 943 1056 Krascheninnikouiae
967 1013 1148 1053 studium
1168 1019 1383 1053 maturum

377 1082 616 1129 continens,
667 1077 781 1117 villis
829 1080 876 1120 ad
927 1078 1101 1119 fundum
1145 1075 1385 1131 quadrifarie

382 1141 523 1196 positis
553 1152 596 1184 et
628 1140 845 1193 elongatis.
1025 1151 1028 1154 ’

172 1243 266 1295 Fig.
304 1249 345 1289 ς.
378 1238 523 1280 Semen
562 1248 772 1278 maturum
808 1237 1213 1291 Kraschenitmikouiae
1237 1268 1249 1290 ‚
1279 1247 1389 1277 eca-

376 1303 466 1354 lyce
501 1310 715 1339 exemtum
737 1332 750 1351 ,
782 1301 905 1340 arillo
940 1303 1087 1343 v1lloso
1119 1302 1322 1343 vestitum.

175 1399 266 1453 Fig.
301 1401 330 1439 6
379 1396 525 1440 semen
562 1397 667 1438 idem
707 1397 898 1448 nudum,
947 1395 1071 1438 atillo
1116 1395 1296 1437 detracto
1344 1393 1388 1435 in

380 1466 477 1503 duas
509 1472 791 1502 extrem1tates
822 1470 863 1502 et
897 1461 944 1502 ad
974 1459 1118 1503 harum
1155 1461 1324 1503 alteram
1345 1458 1390 1500 in

386 1528 468 1567 duo
504 1526 605 1568 labia
638 1527 833 1568 secessum.

180 1622 271 1675 Fig.
310 1631 351 1671 7.
389 1620 481 1662 Flos
517 1620 714 1661 masculus
748 1619 1001 1674 Ceratocarpi
1031 1632 1052 1660 a
1089 1628 1201 1672 parte
1233 1619 1386 1668 antica,

388 1696 433 1724 vt
467 1693 594 1737 pateat
617 1711 630 1731 ‚
662 1684 767 1738 quod
803 1682 955 1723 limbus
989 1682 1038 1723 fit
1068 1682 1329 1724 semiluffnatus
1347 1689 1392 1723 et

387 1748 646 1790 filamentum
683 1747 790 1788 vltra
826 1750 970 1789 tubum
1008 1748 1254 1803 promineat.

186 1846 273 1899 Fig.
316 1848 353 1885 8.
390 1843 483 1885 Flos
520 1844 625 1885 idem
662 1854 682 1882 a
732 1852 845 1897 parte
897 1843 1080 1898 postica,
1128 1855 1176 1886 vt
1227 1850 1389 1898 pateat,

388 1910 492 1962 qnod
531 1907 679 1948 limbus
715 1909 862 1948 ibidem
898 1907 1150 1949 acuminatus
1182 1909 1232 1951 fit
1264 1917 1307 1950 et
1324 1919 1392 1948 an·

391 1972 506 2013 thera
544 1971 783 2027 promineat.

187 2069 276 2122 Fig.
316 2079 358 2119 9.
391 2068 487 2110 Flos
516 2069 711 2111 femineus
744 2052 1005 2124 Cerato'carp'i.

1299 2197 1345 2241 Fi
1350 2210 1390 2252 g.
