1852 2730
190 317 306 353 lacerti

193 366 375 404 musculosi-

231 2021 395 2070 Valunlae

232 2073 403 2107 ventriculi

237 2123 357 2158 sinistri.

414 186 508 237 486
738 182 820 226 DE
871 176 1075 225 CORDE
1125 177 1359 226 LEONis.

415 297 644 355 superiori,
678 311 757 340 non
793 306 1029 353 computata
1065 297 1180 353 adipe
1218 298 1372 341 nonnisi
1408 300 1530 342 lineas
1565 303 1682 357 qnin-

415 378 493 419 que
526 367 566 405 in
601 364 778 404 inferiori
812 362 966 403 nonnisi
1004 374 1083 402 tres
1115 365 1238 404 lineas
1271 363 1418 405 crassus
1460 367 1526 407 est.
1609 368 1683 409 Sed

415 428 572 470 lacertis
607 429 791 475 carneis,
825 440 902 467 non
936 429 1084 469 multis
1121 430 1284 481 quidem
1307 461 1318 480 ‚
1369 431 1430 471 sed
1480 444 1531 471 eo
1581 430 1686 472 vali-

413 492 592 535 dioribus
625 490 689 532 hic
728 493 856 539 paries
894 494 1070 535 omnino
1121 493 1333 536 instruetus
1384 495 1449 537 est.
1532 493 1688 537 Om‘ies

415 566 549 597 tamen
585 554 807 596 filamentis
846 555 922 597 suis
956 557 1151 599 tendineis
1196 559 1237 599 in
1279 559 1489 600 valuularn
1541 560 1689 602 orificii

414 617 551 660 venosi
589 620 853 672 inseruntur3
889 633 958 662 nec
994 623 1078 663 vlla
1112 622 1259 672 datur,
1296 634 1340 665 vt
1377 626 1415 665 in
1453 624 1621 665 homine
1648 638 1689 667 et

417 683 459 723 in
515 681 602 723 aliis
643 686 912 736 animalibus,
963 687 1166 728 eiusmodi
1217 688 1534 738 columnarum,
1593 701 1693 743 quae

417 756 529 788 ortae
560 758 612 789 ex
647 761 731 790 vno
771 749 863 792 loco
898 751 1118 793 ventriculi
1161 753 1204 792 in
1242 752 1414 795 aiterum
1450 756 1485 795 se
1511 754 1693 794 inserunt

419 809 488 853 vel
532 813 819 867 papillarum,
866 827 965 868 quae
1016 817 1240 858 tendinibus
1297 821 1372 860 suis
1426 820 1466 859 in
1526 819 1694 872 parietes

419 877 640 920 ventriculi
672 878 911 922 inseruntur.
977 881 1035 922 Et
1080 893 1283 935 praeterea
1330 884 1439 938 plani
1494 886 1582 924 sunt
1636 881 1696 922 illi

420 940 558 980 lacerti
597 952 636 982 et
681 943 845 984 dimidia
890 945 947 984 sui
1003 955 1114 998 pai-rc
1169 948 1315 999 parieti
1369 950 1499 991 cordis
1549 948 1698 988 adnati.

424 1004 611 1061 Quzituor
676 1008 874 1049 eiusmodi
927 1010 1101 1050 lacertos
1156 1011 1395 1053 musculofos
1446 1013 1658 1054 numerarii
1690 1042 1701 1059 ,

425 1081 604 1123 quorum
642 1069 743 1111 alter
783 1075 847 1120 (o.
883 1073 958 1127 p.)
994 1074 1044 1114 ob
1080 1076 1408 1125 magnitudinem
1446 1080 1556 1118 suam
1587 1089 1700 1131 prac—

426 1136 546 1188 cipue
582 1136 770 1178 notabilis
807 1138 869 1177 eii.
941 1138 1013 1178 iste
1049 1149 1101 1179 ex
1139 1142 1260 1181 variis
1295 1141 1402 1194 quali
1424 1173 1434 1193 ,
1473 1144 1534 1183 sed
1591 1142 1704 1196 plane

427 1211 469 1238 in
489 1210 620 1239 vnum
648 1201 842 1241 concretis
877 1202 1158 1255 componitur,
1198 1206 1507 1257 maximamque
1546 1216 1704 1257 partem

429 1262 597 1316 parietis
614 1266 768 1304 externi
796 1276 976 1317 occupat.
1015 1266 1143 1304 Ortus
1165 1279 1313 1318 aparte
1335 1269 1496 1319 parietis
1531 1266 1670 1306 infima
1695 1295 1707 1315 ,

431 1323 606 1377 indeque
642 1339 767 1378 porro
800 1338 927 1379 vsque
961 1329 1008 1368 ad
1043 1328 1218 1368 mediam
1254 1330 1333 1368 sere
1369 1339 1525 1382 partem
1571 1330 1708 1371 eidem

435 1388 600 1428 :iduatus
636 1391 770 1429 versus
804 1390 1015 1430 valuulam
1055 1393 1242 1432 venosam
1278 1393 1474 1433 adscendit
1497 1424 1507 1443 ‚
1558 1394 1710 1447 dispcr-

435 1450 576 1504 susque
613 1452 650 1492 in
690 1453 934 1503 filamenm,
974 1455 1108 1494 minus
1142 1456 1262 1507 longe
1297 1457 1538 1506 numerosa,
1590 1468 1710 1508 quam

439 1515 483 1555 in
519 1515 685 1557 homine
707 1549 717 1567 ,
749 1520 789 1559 in
824 1530 914 1558 eam
952 1518 1161 1559 valum-im
1185 1551 1195 1570 ,
1250 1519 1430 1558 maxime
1475 1520 1513 1558 in
1551 1529 1712 1570 partem

440 1582 529 1621 eius
580 1581 878 1632 posteriorem,
929 1583 962 1621 se
1017 1583 1182 1631 inserit,
1236 1594 1406 1636 excepto
1458 1581 1715 1623 filamentulo

440 1645 594 1694 mico,
629 1648 736 1696 quor,=
775 1646 928 1686 ralmose
964 1646 1003 1684 in
1041 1645 1198 1698 septum
1235 1647 1492 1700 dispergitur.
1581 1645 1715 1700 Prope

439 1706 547 1749 hunc
580 1707 685 1749 alius
721 1708 890 1760 minor,
933 1721 1003 1749 nec
1033 1709 1173 1750 debilis
1227 1720 1361 1750 tamen
1413 1711 1615 1753 fasciculus
1664 1710 1719 1752 est

443 1774 533 1820 (rw)
568 1774 638 1826 qui
676 1772 880 1815 filamentu
918 1774 981 1814 sua
1018 1775 1058 1814 in
1094 1775 1258 1815 candem
1296 1775 1505 1817 valuulam
1529 1808 1540 1826 ,
1573 1778 1612 1816 in
1632 1777 1718 1816 cius

449 1848 608 1891 partem
659 1839 903 1879 anteriorem
958 1839 1099 1880 mittit.
1194 1839 1353 1880 Deinde
1404 1841 1484 1881 duo
1538 1842 1719 1881 minores

447 1903 614 1949 dantur,
648 1914 668 1944 a
705 1904 900 1956 prioribus
936 1902 1027 1942 tec‘ti
1051 1935 1061 1954 ‚
1095 1904 1164 1954 qui
1202 1902 1405 1943 filamcnta
1444 1906 1507 1946 sua
1544 1905 1719 1959 partibus

449 1965 634 2005 valoniae
669 1969 856 2007 antcrssori
894 1978 933 2006 ct
974 1968 1178 2019 posteriori
1218 1967 1442 2020 promiscue
1477 1970 1664 2011 reddunt.

594 2029 815 2070 Caeterum
851 2030 1016 2070 valuula
1051 2032 1189 2070 venosa
1226 2032 1447 2073 ventriculi
1484 2034 1625 2075 sinistri
1662 2032 1723 2072 in-

451 2100 558 2141 tegra
596 2094 827 2137 membrana
865 2094 915 2133 cst
950 2104 989 2132 ct
1026 2097 1163 2132 m3nns
1195 2096 1321 2136 etiam
1369 2109 1490 2149 quam
1548 2101 1588 2139 in
1646 2096 1724 2136 ho-

236 2158 562 2212 'r'ab.>{111.m1110
596 2158 637 2198 iu
683 2157 774 2200 duan
830 2155 1015 2200 inluulu»
1065 2159 1199 2199 diuisa.
1299 2159 1526 2203 fil-amenta
1576 2161 1723 2214 recipit

235 2221 311 2270 Fig.
348 2237 380 2269 4.

1630 2238 1674 2277 1¹²¹
1683 2237 1726 2263 u·
