1852 2730
292 171 361 217 1N
393 165 639 214 PLANVM
673 163 1004 211 ExchRE
1035 166 1226 211 meh-r.
1336 182 1394 225 27

121 292 216 334 adeo
251 293 461 344 vti-iusque
499 287 623 340 sigum
656 300 677 327 a
713 285 908 341 sphaerica
946 291 1116 346 recedit,
1170 290 1243 330 vix
1280 288 1400 342 quic³

121 369 244 411 quam
282 358 323 397 in
359 356 498 403 lium,
532 353 603 406 qui
634 353 680 392 de
714 351 787 392 hac
822 365 865 393 re
902 357 1137 405 prodierunt
1170 355 1400 408 reperimus

124 422 165 461 in
198 433 276 473 quo
309 417 550 472 acquiescere
581 426 805 469 queamus5
855 417 953 469 quin
989 419 1114 459 eti-am
1155 417 1183 455 fi
1219 416 1296 455 hoc
1332 427 1401 455 ar-

124 493 366 536 gumentum
403 484 441 521 in
476 491 624 532 genere
677 480 920 532 pertractare
968 483 1183 535 velimus,
1235 479 1401 534 Vtrique

123 547 284 600 corpori
322 546 459 585 lucido
493 556 533 584 et
566 555 695 595 opaco
728 542 874 594 figuras
915 557 1167 598 quascunque
1221 545 1403 585 tribuen-

125 623 182 652 tes
203 641 213 661 ,
269 609 444 663 quaestio
475 607 660 648 exoritur
698 607 880 647 maxime
917 610 1039 649 ardua
1073 619 1193 660 atque
1226 609 1324 650 adeo
1359 609 1403 649 in

122 687 210 715 eam
264 683 420 726 partem
468 668 690 721 Analyscos
743 668 1001 712 infinitorum
1037 673 1147 712 circa
1183 671 1402 713 funaiones

121 739 306 780 binarum
330 769 341 787 ,
377 736 616 790 pluriumue
649 733 909 773 variabilium
932 765 944 784 ‚
976 747 1076 785 quae
1112 747 1192 775 non
1224 736 1283 776 ita
1315 736 1405 793 pri-

121 802 212 843 dem
249 804 419 843 demum
455 798 583 839 excoli
619 797 672 838 est
705 808 845 850 coepta
870 831 881 851 ,
916 798 1131 841 referenda.

273 910 346 947 39.
382 895 503 951 Quod
536 904 677 935 autem
718 893 929 947 imprimis
964 895 1067 938 circa
1105 894 1207 936 hanc
1261 892 1404 937 Theo-

122 961 226 1005 riam
263 963 309 1003 ad
346 963 522 1015 praesens
556 961 736 999 nostrum
791 959 1023 1001 institutum
1063 961 1272 1013 pertinet,
1316 960 1404 1012 est,

120 1027 229 1080 quod
264 1027 421 1080 semper
457 1024 607 1076 figurae
644 1023 885 1064 vmbrarum
924 1027 978 1067 ita
1014 1025 1091 1066 sint
1132 1034 1405 1078 comparatae,

123 1100 170 1131 vt
201 1103 344 1131 earum
382 1089 637 1140 superficiem
683 1089 723 1127 in
775 1089 944 1141 planum
996 1090 1196 1141 explicare
1249 1089 1405 1138 liceat,

124 1166 175 1194 ex
209 1166 292 1206 quo
329 1152 503 1194 vicissim
542 1151 786 1202 intelligitur
809 1183 819 1201 ,
876 1153 903 1194 s1
941 1166 1015 1207 pro
1049 1152 1180 1204 figura
1223 1163 1403 1203 quacun-

122 1229 199 1272 que
234 1229 318 1258 tam
354 1217 535 1269 corporis
570 1216 727 1264 lucidi,
775 1229 897 1269 quam
934 1219 1057 1270 opaci
1092 1219 1269 1257 formam
1307 1228 1403 1256 vm-

120 1282 214 1323 brae
248 1283 523 1322 determinare
561 1283 785 1333 poterimus
809 1311 819 1329 ‚
856 1291 945 1321 tum
982 1279 1284 1334 fimulquoque
1304 1291 1403 1335 prof

119 1345 254 1389 blema
290 1346 472 1387 nostrum
510 1345 681 1400 perscore
715 1346 799 1386 fore
831 1345 1025 1386 solutum.

277 1455 349 1495 40.
383 1441 500 1498 Quoi
536 1451 672 1483 autem
709 1442 863 1498 semper
896 1440 1028 1494 figura
1064 1442 1232 1485 vmbrae
1267 1442 1403 1486 nostro

124 1507 367 1559 problemati
402 1508 631 1549 subiiciatur
657 1539 667 1559 ,
703 1506 779 1547 hoc
827 1509 950 1547 modo
984 1508 1096 1548 facile
1127 1509 1280 1550 ostendi
1312 1517 1403 1563 pot-

125 1571 192 1609 est.
270 1571 480 1626 Quoniam
535 1572 677 1613 vmbra
726 1572 772 1613 ab
820 1572 1016 1613 extremis
1051 1572 1234 1626 corporis
1271 1573 1403 1614 lucidi

128 1633 277 1684 radiis,
321 1636 389 1686 qui
425 1635 544 1676 simul
580 1649 727 1692 corpus
758 1650 928 1691 opacum
966 1638 1165 1691 stringunt
1202 1637 1404 1678 termina·

127 1705 225 1746 tur,
267 1698 405 1749 primo
444 1709 550 1750 patet
584 1702 622 1740 in
660 1702 868 1755 superficie
902 1702 1070 1743 vmbrae
1103 1703 1301 1753 cuiusque
1337 1702 1404 1742 in·

126 1759 260 1800 finitas
294 1761 380 1801 dari
415 1759 540 1800 lineas
574 1763 696 1802 restas
718 1794 728 1813 ,
778 1766 1102 1816 quandoquidem
1140 1764 1291 1814 singuli
1334 1775 1406 1805 ra-

125 1824 180 1864 dii
216 1824 430 1863 secundum
466 1822 589 1863 lineas
621 1827 745 1867 reetas
788 1827 1108 1881 progrediuntur
1131 1856 1142 1875 ,
1199 1837 1405 1880 praeterea

125 1899 228 1928 vero
258 1887 385 1927 etiam
423 1897 569 1927 omnes
604 1886 645 1927 hi
683 1891 783 1931 raoii
838 1900 1063 1942 vtrumque
1112 1901 1262 1944 corpus
1316 1900 1405 1934 tam

123 1950 310 1992 lucidum
361 1961 486 2005 quam
536 1963 712 2005 opacum
769 1964 965 2006 tangent,
995 1965 1102 1993 uare
1131 1951 1160 1993 fi
1202 1952 1401 2008 planum

121 2017 390 2071 quodcunque
423 2016 678 2071 concipiatur
698 2049 710 2069 ,
742 2020 849 2071 quod
882 2017 981 2059 haec
1013 2019 1098 2059 duo
1127 2030 1301 2073 corpora
1352 2019 1406 2062 fi-

122 2080 217 2123 mul
252 2082 461 2133 contingat
494 2093 537 2121 ac
571 2084 767 2136 punc‘tnm
802 2083 994 2124 contaeru
1033 2084 1202 2134 quidem
1247 2084 1401 2125 incor-

124 2157 223 2203 pore
251 2144 390 2189 lucido
421 2155 588 2191 notetur
618 2147 757 2190 littera
793 2148 857 2201 M,
876 2149 917 2190 in
936 2160 1063 2206 opaco
1082 2159 1183 2192 vero
1200 2148 1332 2190 littera
1354 2161 1408 2205 m,

731 2212 775 2255 D
808 2227 834 2255 2
991 2230 1008 2241 -
1250 2213 1403 2269 perspi-
