1852 2730
405 208 493 257 298
805 203 918 246 DE
985 202 1254 245 MOTV

401 329 514 363 certo
548 320 767 375 superaret,
800 321 873 361 nisi
908 318 1144 371 agitationes
1178 328 1298 370 quam
1335 319 1531 362 minimae
1549 322 1671 363 effent

401 385 618 434 assumtae;
651 396 849 437 praeterea
883 396 983 423 vero
1016 384 1139 422 ctiam
1175 381 1429 436 hypothesis,
1462 396 1539 436 qua
1574 387 1671 428 tubo

400 450 548 503 vbique
580 452 747 489 candem
781 447 1100 501 amplitudinem
1137 446 1356 487 tribuimus
1379 479 1390 498 ‚
1440 448 1669 502 plurimum

400 519 446 557 ad
483 515 583 553 lianc
614 513 872 553 commodam
911 510 1157 552 solutionem
1213 512 1425 552 contulisse
1477 513 1528 554 est
1580 526 1672 555 ceu-

399 578 543 626 senda‚
596 576 917 628 quandoquidem
972 588 1049 628 pro
1099 575 1202 616 tubis
1236 576 1495 630 inaequaliter
1528 576 1674 631 amplis

397 639 626 691 grauissima
669 639 797 679 adhuc
850 639 1044 680 obstacula
1096 651 1330 681 occurrunt.
1426 641 1669 696 Quanquam

395 711 532 743 autem
567 703 663 743 haec
699 702 846 745 solutio
878 705 924 744 ad
964 715 1097 744 motus
1131 705 1301 758 speciem
1349 708 1530 746 maxime
1585 706 1673 757 spe-

395 766 538 808 cialem
575 767 859 818 restringitur,
910 768 950 807 in
987 768 1358 820 inuestigatiouibus
1394 778 1529 809 tamen
1560 769 1671 823 phy-

395 831 483 873 ficis
516 831 812 886 amplissimum
853 831 1019 885 praestat
1056 837 1165 874 vlum
1188 863 1200 884 ,
1250 834 1416 884 indeque
1450 833 1531 872 iam
1586 833 1672 872 feli-

392 894 553 937 ciffimo
585 897 753 937 succeffu
789 897 872 936 duo
906 894 1209 950 phaenomena,
1241 907 1340 949 quae
1372 894 1504 936 adhuc
1541 897 1672 936 maxi-

394 972 461 1000 me
497 962 656 1001 fuerunt
689 961 909 1001 abscondita
941 962 1160 1012 frustraque
1195 972 1214 999 a
1253 970 1416 999 naturae
1474 963 1670 1001 icrutato·

393 1023 505 1064 ribus
563 1025 764 1077 tractata,
815 1023 844 1064 fi
894 1023 1028 1065 solum
1085 1024 1349 1066 Geometram
1394 1024 1668 1064 acutissimum

394 1088 685 1129 Tauriuensem
721 1087 942 1129 Ludouicmn
981 1087 1020 1128 la
1061 1089 1215 1141 Grange
1264 1088 1517 1141 excipiamus
1539 1118 1550 1138 ,
1598 1100 1673 1128 cx-

393 1152 537 1207 plicari
573 1153 744 1207 poss‘uut.
826 1152 1021 1193 Alterum
1056 1153 1364 1206 phaenomenon
1397 1151 1573 1195 consistit
1629 1153 1672 1193 in

393 1219 684 1270 propagatione
735 1217 848 1268 soni,
899 1217 966 1258 vbi
1008 1218 1203 1269 explicari
1236 1227 1398 1269 oportet
1431 1217 1670 1270 quomodo,

393 1281 492 1319 dum
527 1281 611 1319 a'e'ri
648 1293 732 1320 vno
765 1281 806 1319 iu
847 1282 937 1320 loco
969 1281 1164 1331 quaedam
1198 1281 1366 1329 agitatio
1402 1281 1573 1318 minima
1611 1279 1669 1316 in-

392 1343 557 1383 ducitur
579 1373 591 1393 ,
637 1344 728 1384 iude
759 1341 910 1383 ssmiles
945 1342 1186 1392 agitationes
1217 1341 1420 1381 succeffiuc
1453 1343 1499 1381 ad
1538 1341 1667 1380 maxi-

395 1418 480 1447 mas
528 1406 728 1448 distantias
781 1408 1042 1460 proferantur.
1126 1403 1326 1445 Alterum
1364 1416 1463 1444 vero
1496 1403 1669 1457 phaeno-

395 1483 543 1511 menon
566 1502 578 1521 ,
613 1473 654 1512 in
677 1483 757 1526 quo
793 1472 928 1511 multo
961 1469 1092 1510 adhuc
1130 1470 1266 1509 minus
1299 1469 1344 1508 ab
1361 1468 1585 1508 auctoribus
1618 1469 1668 1508 cst

393 1535 629 1589 praestitum
665 1537 847 1576 vet-fittur
881 1536 923 1575 iu
958 1534 1232 1586 explicatione
1265 1532 1364 1580 soni,
1396 1542 1517 1584 quem
1550 1531 1668 1570 tibiae

393 1600 516 1640 edunt
552 1599 741 1652 inflatae,
795 1599 909 1641 cuius
944 1599 1106 1650 quidem
1142 1597 1248 1636 olim
1286 1593 1425 1648 pulcra
1460 1606 1480 1634 a
1518 1605 1582 1634 me
1616 1593 1669 1633 fi-

394 1662 589 1703 niilitudo
623 1676 717 1704 cum
753 1664 883 1703 cordis
919 1661 1166 1702 vibrantibus
1199 1658 1252 1699 est
1283 1657 1520 1708 obseruata;
1554 1657 1668 1698 nullo

391 1736 526 1767 autem
561 1729 684 1768 modo
717 1729 840 1780 ipsam
873 1727 975 1766 a'e'ris
1006 1725 1269 1776 agitationem
1295 1753 1306 1773 ‚
1354 1734 1430 1776 qua
1483 1721 1525 1761 hi
1581 1721 1666 1762 soni

392 1792 700 1845 producuntur,
733 1791 900 1832 definire
933 1789 1062 1830 licuit.
1129 1787 1374 1839 Vtrumque
1395 1788 1525 1837 igitur
1544 1785 1667 1839 phae-

391 1865 596 1897 nomenon
620 1887 632 1907 ,
680 1866 871 1908 quatenus
920 1855 962 1894 in
1000 1853 1102 1893 tubis
1135 1849 1351 1902 aequaliter
1384 1849 1532 1902 amplis
1567 1861 1664 1904 pro-

391 1919 553 1961 ducitur
574 1951 586 1972 ,
621 1921 802 1974 deinceps
836 1918 952 1960 omni
985 1928 1080 1956 cura
1111 1915 1198 1955 sum
1232 1914 1522 1967 persecuturus.

747 2024 1169 2083 Scholion
1257 2043 1305 2095 3.

545 2133 613 2162 20.
649 2118 877 2170 Antequam
914 2125 1047 2156 autem
1082 2113 1159 2154 hoc
1192 2123 1294 2166 opus
1330 2111 1540 2163 aggrediar
1573 2109 1664 2150 cir-

392 2195 438 2225 ca
466 2184 600 2225 ambus
633 2181 750 2223 scalas
782 2179 1026 2222 densitatum
1060 2190 1101 2219 et
1144 2177 1406 2218 celerimtum
1430 2205 1441 2226 ‚
1494 2184 1662 2215 earum—

1586 2250 1665 2288 que
