1852 2730
453 192 546 239 496
786 185 869 226 DE
918 183 1117 226 CORDE
1168 183 1394 230 morus.

450 301 699 356 pulmonalis
734 309 932 350 trunam,
967 297 1014 338 ad
1048 297 1212 339 eandem
1249 299 1441 339 arteriam
1479 297 1518 339 in
1554 299 1721 346 homire

446 369 710 422 proportione
746 361 964 404 ventriculi
1000 362 1057 402 sui
1093 362 1226 407 dextri
1259 364 1310 404 est
1346 363 1409 403 vti
1452 373 1497 400 1:
1524 369 1573 414 ιζ,
1645 368 1719 410 Sed

444 433 529 472 cius
574 441 708 470 ramus
744 430 884 469 dexter
922 436 968 467 vt
1011 437 1102 467 122
1139 437 1179 468 et
1215 427 1364 468 sinister
1395 427 1493 468 adeo
1533 439 1577 468 vt
1607 442 1641 468 1:
1665 438 1716 481 εξ.

446 494 653 536 Probabile
705 494 836 545 igitur
885 492 970 543 cst,
1022 492 1132 532 idern
1185 493 1367 534 vasorum
1415 493 1720 535 decrementum

444 562 729 600 continuatum
768 558 820 597 iri
859 568 981 611 porro
1016 568 1086 610 per
1121 558 1368 600 succedentes
1406 556 1722 600 ramificationes

444 624 545 663 adeo
567 653 577 671 ‚
612 633 659 663 vt
699 623 738 663 in
773 622 980 663 ordinibus
1014 621 1201 675 vltimis,
1256 623 1297 662 in
1332 624 1490 663 decimo
1541 624 1687 675 quinto
1709 657 1719 673 ,

442 687 604 728 decimo
642 687 753 728 sexto
787 686 854 728 vel
892 686 1063 741 septimo
1086 717 1098 738 ,
1132 698 1226 727 nam
1260 699 1384 740 vsque
1417 687 1463 727 ad
1497 687 1647 739 viginti
1682 699 1722 729 et

444 752 616 804 triginta
664 751 866 793 eiusmodi
918 762 1133 791 ramorum
1182 751 1400 794 diuisiones
1450 752 1493 793 in
1554 749 1722 793 homine

447 816 655 856 numerari
692 816 850 861 solent,
885 814 1044 857 vascula
1070 816 1247 871 decuplo
1276 829 1443 872 quoque,
1466 847 1478 868 ‚
1532 815 1599 856 vel
1633 829 1725 870 par-

445 881 550 921 tibus
583 881 751 921 decimis
786 891 932 921 nouem
976 892 1098 933 quam
1147 881 1189 922 iu
1237 879 1409 922 ..homine
1461 882 1724 935 proportione

443 944 667 988 ventriculi
701 945 845 987 sinistri
878 946 1038 985 minora
1072 943 1163 986 sint.
1228 945 1370 1001 Quum
1403 957 1534 986 autem
1571 946 1722 986 vltima

444 1009 603 1052 vascula
637 1010 679 1050 in
712 1009 950 1050 animalibus
980 1009 1142 1050 nonnisi
1178 1012 1299 1051 vuius
1331 1010 1488 1063 globuli
1524 1011 1726 1062 sanguinis

444 1075 603 1129 capacia
653 1073 725 1116 effe
767 1074 949 1124 soleant;
996 1074 1141 1115 necesse
1185 1075 1278 1125 est,
1325 1085 1372 1115 vt
1425 1076 1633 1129 pauciores
1683 1074 1725 1114 in

447 1139 565 1181 leone
586 1171 596 1191 ‚
628 1149 754 1191 quam
792 1138 833 1178 in
868 1136 1042 1179 homine
1074 1147 1119 1178 iet
1151 1138 1194 1178 in
1222 1137 1315 1179 aliis
1349 1139 1589 1180 animalibus
1611 1169 1622 1189 ‚
1664 1150 1724 1178 ra-

447 1216 618 1244 morum
655 1201 872 1246 diuisiones
924 1202 1072 1242 dentur
1095 1233 1107 1253 ‚
1157 1213 1200 1244 et
1232 1203 1348 1244 citius
1381 1205 1519 1257 itaque
1548 1215 1571 1244 a
1605 1203 1723 1243 corde

442 1268 494 1309 nd
529 1266 678 1307 vltima
712 1268 800 1306 vasa
846 1265 1115 1317 perueniatur.

242 1345 404 1379 Celei-itas
597 1329 646 1371 Si
684 1331 744 1369 ita
782 1328 908 1379 igitur
934 1329 1108 1368 arteriae
1141 1326 1181 1366 in
1215 1324 1335 1366 ’leone
1371 1326 1476 1367 inter
1519 1325 1553 1366 se
1586 1335 1626 1367 et
1677 1328 1724 1368 ad

239 1392 697 1435 motus-san·ventricu1os
732 1391 820 1432 suos
855 1393 890 1431 se
921 1389 1100 1439 habent„
1133 1389 1278 1430 neceffe
1311 1389 1391 1440 cst,
1434 1400 1479 1430 vt
1512 1391 1692 1432 celeritas
1713 1423 1724 1441 ,

239 1447 349 1490 {1⁰³⁰ss
370 1447 400 1478 ³¹¹
448 1470 524 1512 qua
562 1457 713 1509 sanguis
751 1467 820 1510 per
848 1455 1018 1495 arterias
1063 1464 1253 1493 mouetur
1276 1484 1286 1500 ‚
1338 1453 1457 1504 longe
1511 1455 1644 1493 maior
1678 1455 1726 1494 sit

238 1497 429 1580 lciffleqsm
450 1523 490 1562 in
527 1521 640 1561 leone
674 1532 795 1574 quam
831 1521 870 1559 in
893 1518 1061 1558 homine
1098 1516 1198 1556 etin
1219 1515 1307 1554 aliis
1327 1515 1577 1558 animalibus,
1612 1516 1725 1558 Nam

242 1559 424 1631 cumpiaele‘-
450 1586 478 1627 si
512 1586 557 1625 ad
590 1585 716 1625 solnm
752 1582 1120 1623 circumferentiam
1158 1580 1378 1619 ventriculi
1415 1578 1558 1619 sinistri
1602 1581 1743 1633 resph-

242 1649 426 1704 ritatqqna
450 1650 527 1690 cias
560 1651 676 1689 cuius
712 1647 976 1702 proportione
1008 1643 1332 1685 circumferentia
1384 1644 1544 1696 primae
1593 1655 1727 1685 nortae

242 1700 369 1781 {²¹¹¹2'2W
394 1711 424 1731 ’Π
449 1715 489 1754 in
525 1713 638 1754 leone
670 1712 842 1753 dimidio
875 1712 952 1751 fere
983 1721 1105 1763 quam
1142 1708 1182 1747 in
1236 1706 1406 1747 homine
1458 1709 1593 1749 minor
1644 1709 1726 1759 est3

239 1761 407 1837 ,23:223st
450 1778 595 1818 lumen
634 1778 788 1830 primae
820 1784 954 1815 nortae
992 1770 1254 1826 proportione
1291 1770 1462 1811 luminis
1509 1765 1727 1814 ventriculi

450 1841 681 1895 quadruplo
716 1842 756 1880 in
789 1840 902 1880 leone
955 1838 1090 1876 minus
1141 1835 1218 1874 erit
1272 1846 1396 1886 quam
1446 1835 1485 1874 in
1543 1836 1727 1879 homine.

451 1906 750 1959 Consequentcr
783 1903 922 1944 cadem
959 1899 1174 1952 fiinguinis,
1209 1909 1333 1950 quem
1369 1901 1615 1942 ventriculus
1634 1914 1728 1942 con-

455 1975 591 2018 tinet,
640 1969 806 2022 portio,
857 1977 955 2018 quae
991 1973 1138 2004 certam
1170 1972 1307 2002 ¹aortae
1355 1973 1513 2014 partem
1558 1974 1730 2020 occupat

457 2036 496 2075 in
534 2034 734 2081 homine,
783 2041 957 2083 quatuor
991 2026 1186 2067 eiusmodi
1242 2037 1370 2078 partes
1420 2030 1633 2082 occupabit
1686 2031 1728 2069 in

458 2100 574 2138 leone
596 2127 606 2145 ‚
642 2096 817 2145 adeoque
853 2105 922 2144 per
955 2091 1122 2143 spatium
1157 2091 1382 2142 quadruplo
1424 2090 1584 2144 longius
1639 2096 1738 2133 mo—'

456 2162 619 2204 rebitur
656 2168 839 2212 tempore
871 2156 1026 2202 codem,
1059 2164 1100 2195 ct
1133 2153 1362 2209 quadruplo
1393 2154 1524 2206 igitur
1558 2156 1730 2198 celerius

1585 2232 1730 2261 moue-
