1852 2730
599 170 714 227 »Σεὲ
748 169 764 230 (
796 179 824 212 0
859 171 881 228 )
912 169 1030 225 ἓῖεὲω
1399 179 1456 218 35

180 290 313 337 citatis
349 284 471 333 'ratio
520 286 743 343 habeatur,
797 288 888 331 satis
938 284 1160 330 commode
1213 295 1287 339 per
1321 284 1463 326 scriem

174 367 492 410 conucrgentem
527 355 708 409 exprimi
743 364 874 408 queat.
963 353 1075 395 Cum
1126 349 1334 404 posteriori
1390 361 1465 389 au-

175 432 258 464 tem
285 454 296 473 ,
330 433 430 474 quae
467 419 555 460 heic
587 432 674 472 pars
709 419 901 461 terrestris
934 418 1106 459 actionis
1144 415 1316 456 Veneris
1358 414 1464 455 dici-

175 496 244 526 tur
268 513 280 533 2
328 496 387 524 res
426 484 545 534 longe
585 483 705 524 aliter
741 485 776 523 se
812 483 956 533 habet,
1008 483 1159 526 scilicet
1193 492 1323 533 quum
1381 483 1463 519 for-

176 550 336 591 mulam
371 546 650 588 irrationalem
686 558 808 599 quam
842 547 1021 588 distantia
1059 547 1227 587 Veneris
1261 557 1282 586 a
1333 543 1460 585 Terra

173 612 400 664 ingreditur
422 642 433 662 ‚
475 610 590 652 nullo
623 612 748 651 modo
781 611 821 649 in
857 611 1000 650 seriem
1037 619 1357 662 conuergentem
1397 621 1463 650 re-

173 677 326 719 soluere
360 675 477 717 liceat
500 705 512 726 ‚
544 675 687 715 omnia
725 673 935 725 integralia
958 701 969 722 ‚
1005 674 1047 713 in
1084 677 1226 727 quibus
1260 673 1460 728 expressio

175 740 301 782 huius
350 741 558 782 distantiae
611 739 814 792 reperitur
868 738 1102 778 meclianice
1157 747 1316 777 tantum
1359 737 1463 778 defi-

173 806 318 848 nienda
362 807 484 857 sunt,
534 805 644 858 quod
684 805 808 844 etiam
850 800 943 844 heic
981 815 1058 856 pro
1094 801 1264 854 singulis
1309 811 1330 849 5
1371 811 1464 852 gra-

173 871 286 912 dibus
323 869 597 923 elongationis
633 869 786 911 mediae
834 867 1004 909 Veneris
1052 879 1073 907 a
1121 867 1247 908 Terra
1301 865 1460 919 praesti-

173 945 266 977 tum
298 935 364 976 est.
447 934 659 975 Valoribus
694 942 831 973 autem
864 931 1015 973 horum
1051 931 1319 985 integralium
1355 929 1458 981 defi-

170 1000 271 1041 nitis
292 1029 305 1050 ,
335 997 364 1040 fi
398 1000 506 1053 parti
548 997 721 1041 terrestri
759 997 927 1038 aetionis
962 997 1132 1038 Veneris
1168 997 1336 1038 addatur
1369 1006 1460 1049 pars

170 1063 352 1115 solaris,
406 1063 521 1105 facile
573 1073 655 1105 tora
711 1062 962 1117 perturbatio
1013 1063 1060 1103 ab
1094 1061 1251 1103 afflone
1288 1060 1456 1103 Veneris

170 1139 261 1170 orta
301 1126 532 1180 definitur,
580 1139 705 1181 quam
750 1127 879 1178 igitur
912 1126 1064 1168 Illustr.
1101 1127 1262 1168 Auaor
1296 1125 1338 1166 in
1376 1126 1456 1167 Ta-

170 1192 275 1234 bella
308 1193 356 1233 ad
391 1191 516 1233 finem
552 1191 837 1232 differtationis
870 1191 1034 1232 subnexa
1070 1191 1344 1245 repraesentat.
1411 1188 1455 1232 Si

169 1255 269 1298 haec
303 1255 455 1297 Tabula
489 1257 719 1299 conferatur
753 1267 848 1296 cum
881 1269 924 1298 ea
945 1283 958 1304 ‚
1006 1268 1127 1310 quam
1160 1255 1287 1296 adfert
1321 1251 1454 1296 Celeb.

167 1320 216 1362 de
249 1321 287 1364 Ia
325 1320 447 1363 Caille
479 1323 522 1363 in
556 1321 726 1364 Tabulss
760 1320 838 1362 suis
871 1319 1108 1370 Solaribus‚
1143 1318 1310 1372 infignis
1345 1319 1455 1360 inter

167 1398 233 1427 eas
265 1388 487 1439 reperietur
522 1386 802 1441 discrepantia,
836 1386 877 1426 in
914 1385 1066 1426 Tabula
1102 1385 1250 1426 scilicet
1286 1383 1372 1425 Dni
1406 1383 1454 1424 de

166 1449 208 1492 la
251 1450 406 1501 Came,
457 1464 477 1492 a
523 1464 550 1492 0
585 1450 668 1503 Sig.
715 1463 834 1506 vsque
878 1450 924 1490 ad
961 1450 1000 1492 11
1038 1450 1120 1502 Sig.
1161 1442 1218 1498 3⁰.
1256 1447 1453 1503 expreffio

168 1527 244 1570 pro
279 1515 436 1556 actione
473 1516 639 1557 Veneris
671 1516 723 1556 est
761 1516 945 1566 negatiua
968 1548 978 1565 ,
1021 1526 1061 1556 et
1096 1516 1331 1555 maximum
1366 1513 1453 1553 eius

168 1580 372 1631 reperitur
405 1582 511 1622 circa
547 1580 667 1634 lSig.
693 1574 746 1621 1⁰.
783 1580 850 1621 vbi
885 1579 937 1620 est
969 1594 1079 1621 :-
1103 1590 1142 1628 5,
1165 1583 1217 1630 63
1249 1591 1268 1619 a
1306 1577 1348 1618 ΙΙ
1367 1578 1449 1630 Sig.

171 1635 231 1693 3⁰·
271 1656 372 1685 vero
406 1656 532 1698 vsque
564 1646 612 1685 ad
649 1645 709 1686 Vl
729 1645 809 1697 Sig.
849 1645 1096 1698 perturbatio
1129 1644 1224 1684 haec
1271 1641 1448 1697 pofitiua

167 1706 387 1758 statuitur,
437 1718 478 1748 et
528 1710 763 1750 maximum
819 1708 1053 1762 adipiscitur
1103 1709 1285 1748 valorem
1344 1708 1449 1746 circa

167 1767 232 1810 IV
252 1770 333 1823 Sig.
359 1770 416 1819 3⁰.
452 1770 606 1813 scilicet
639 1779 681 1818 -ι-
706 1769 800 1820 15¹¹,
823 1784 860 1811 2.
947 1772 992 1810 ln
1045 1771 1199 1810 Tabula
1254 1769 1448 1822 praesenti

165 1846 240 1889 per
274 1836 338 1875 sex
374 1833 482 1886 signa
518 1837 795 1888 praecedentia
831 1834 1082 1887 perturbatio
1112 1834 1166 1874 est
1199 1836 1383 1884 negatina
1406 1843 1447 1874 et

165 1899 402 1940 maximum
445 1899 582 1941 induit
617 1899 799 1940 valorem
836 1898 943 1939 circa
980 1896 1021 1938 ll
1042 1898 1123 1950 Sig.
1167 1891 1252 1940 10⁰.
1290 1899 1357 1938 vbi
1393 1898 1446 1940 est

164 1977 216 2005 z
238 1982 278 1992 -
302 1959 394 2013 22⁶,
414 1974 456 2011 3.
522 1964 672 2018 Liquet
706 1964 835 2015 igitur
854 1962 947 2003 hinc
967 1964 1203 2004 maximum
1229 1963 1445 2004 discrimen

164 2029 271 2081 quod
298 2028 404 2070 inter
423 2027 526 2068 hanc
545 2028 746 2070 Tabulam
769 2039 810 2070 et
828 2040 917 2068 eam
940 2028 1023 2068 Dni
1045 2027 1091 2067 de
1109 2028 1146 2068 la
1169 2026 1289 2069 Caille
1310 2028 1443 2069 oritur

164 2101 288 2144 'vsque
317 2095 362 2135 ad
395 2090 472 2142 :30⁰
501 2092 700 2147 assurgere
721 2125 732 2145 ‚
766 2104 868 2146 quae
892 2092 1120 2133 differentia
1147 2093 1185 2132 in
1215 2092 1306 2134 loco
1340 2092 1445 2134 Solis

163 2155 394 2200 definiendo
414 2169 520 2200 certe
538 2171 616 2215 pro
633 2158 780 2212 insigni
801 2157 977 2199 habenda
993 2157 1060 2200 est.

779 2234 801 2263 e
840 2236 864 2262 2
1176 2218 1440 2264 PHYSICA.
