<?xml version="1.0" encoding="UTF-8"?>
<!DOCTYPE html PUBLIC "-//W3C//DTD XHTML 1.0 Transitional//EN"
    "http://www.w3.org/TR/xhtml1/DTD/xhtml1-transitional.dtd">
<html xmlns="http://www.w3.org/1999/xhtml" xml:lang="en" lang="en">
 <head>
  <title>
</title>
<meta http-equiv="Content-Type" content="text/html;charset=utf-8" />
  <meta name='ocr-system' content='tesseract 3.04.00' />
  <meta name='ocr-capabilities' content='ocr_page ocr_carea ocr_par ocr_line ocrx_word'/>
</head>
<body>
  <div class='ocr_page' id='page_1' title='image "./novicommentariac16impe_0044.png"; bbox 0 0 1852 2730; ppageno 0'>
   <div class='ocr_carea' id='block_1_1' title="bbox 400 177 1248 240">
    <p class='ocr_par' dir='ltr' id='par_1_1' title="bbox 400 177 1248 240">
     <span class='ocr_line' id='line_1_1' title="bbox 400 177 1248 240; baseline -0.001 -4"><span class='ocrx_word' id='word_1_1' title='bbox 400 186 458 236; x_wconf 67' lang='lat'>³8</span> <span class='ocrx_word' id='word_1_2' title='bbox 795 228 798 234; x_wconf 90' lang='lat'><em>.</em></span> <span class='ocrx_word' id='word_1_3' title='bbox 830 180 946 237; x_wconf 50' lang='lat' dir='ltr'>»2³2ss</span> <span class='ocrx_word' id='word_1_4' title='bbox 977 177 995 240; x_wconf 92' lang='grc'>(</span> <span class='ocrx_word' id='word_1_5' title='bbox 1027 195 1055 230; x_wconf 85' lang='lat'>0</span> <span class='ocrx_word' id='word_1_6' title='bbox 1085 181 1102 238; x_wconf 87' lang='lat'>)</span> <span class='ocrx_word' id='word_1_7' title='bbox 1131 180 1248 236; x_wconf 51' lang='lat'>2:⁶9³&lt;-</span> 
     </span>
    </p>
   </div>
   <div class='ocr_carea' id='block_1_2' title="bbox 393 293 1736 2254">
    <p class='ocr_par' dir='ltr' id='par_1_2' title="bbox 393 293 1736 2202">
     <span class='ocr_line' id='line_1_2' title="bbox 397 293 1680 353; baseline -0.002 -10"><span class='ocrx_word' id='word_1_8' title='bbox 397 308 451 343; x_wconf 84' lang='lat' dir='ltr'>ne</span> <span class='ocrx_word' id='word_1_9' title='bbox 482 304 526 342; x_wconf 88' lang='lat' dir='ltr'>et</span> <span class='ocrx_word' id='word_1_10' title='bbox 558 295 600 340; x_wconf 89' lang='lat' dir='ltr'>in</span> <span class='ocrx_word' id='word_1_11' title='bbox 635 293 807 342; x_wconf 83' lang='lat' dir='ltr'>homine</span> <span class='ocrx_word' id='word_1_12' title='bbox 826 329 839 351; x_wconf 93' lang='lat'>‚</span> <span class='ocrx_word' id='word_1_13' title='bbox 871 295 1038 353; x_wconf 76' lang='lat' dir='ltr'>aliisque</span> <span class='ocrx_word' id='word_1_14' title='bbox 1073 296 1115 339; x_wconf 87' lang='lat' dir='ltr'>in</span> <span class='ocrx_word' id='word_1_15' title='bbox 1148 294 1394 339; x_wconf 79' lang='lat' dir='ltr'>animalibus</span> <span class='ocrx_word' id='word_1_16' title='bbox 1426 293 1595 342; x_wconf 87' lang='lat' dir='ltr'>metitus</span> <span class='ocrx_word' id='word_1_17' title='bbox 1624 295 1680 341; x_wconf 85' lang='lat' dir='ltr'>est</span> 
     </span>
     <span class='ocr_line' id='line_1_3' title="bbox 396 361 1678 418; baseline -0.002 -13"><span class='ocrx_word' id='word_1_18' title='bbox 396 361 504 405; x_wconf 83' lang='lat' dir='ltr'>Clar.</span> <span class='ocrx_word' id='word_1_19' title='bbox 539 362 699 407; x_wconf 65' lang='lat' dir='ltr'>Auctor</span> <span class='ocrx_word' id='word_1_20' title='bbox 721 394 735 418; x_wconf 85' lang='lat'>‚</span> <span class='ocrx_word' id='word_1_21' title='bbox 767 362 1097 416; x_wconf 83' lang='lat' dir='ltr'>ventriculosque</span> <span class='ocrx_word' id='word_1_22' title='bbox 1136 371 1236 404; x_wconf 90' lang='lat' dir='ltr'>cum</span> <span class='ocrx_word' id='word_1_23' title='bbox 1274 361 1553 414; x_wconf 82' lang='lat' dir='ltr'>magnitudine</span> <span class='ocrx_word' id='word_1_24' title='bbox 1584 375 1678 404; x_wconf 62' lang='lat' dir='ltr'>cor⁴</span> 
     </span>
     <span class='ocr_line' id='line_1_4' title="bbox 396 425 1679 482; baseline -0.002 -13"><span class='ocrx_word' id='word_1_25' title='bbox 396 426 488 482; x_wconf 84' lang='lat' dir='ltr'>dis,</span> <span class='ocrx_word' id='word_1_26' title='bbox 520 429 685 471; x_wconf 81' lang='lat' dir='ltr'>arterias</span> <span class='ocrx_word' id='word_1_27' title='bbox 720 441 824 470; x_wconf 85' lang='lat' dir='ltr'>vero</span> <span class='ocrx_word' id='word_1_28' title='bbox 857 438 955 469; x_wconf 89' lang='lat' dir='ltr'>cum</span> <span class='ocrx_word' id='word_1_29' title='bbox 990 426 1234 468; x_wconf 82' lang='lat' dir='ltr'>ventriculis</span> <span class='ocrx_word' id='word_1_30' title='bbox 1265 425 1490 466; x_wconf 88' lang='lat' dir='ltr'>eorundem</span> <span class='ocrx_word' id='word_1_31' title='bbox 1525 428 1679 467; x_wconf 81' lang='lat' dir='ltr'>anima-</span> 
     </span>
     <span class='ocr_line' id='line_1_5' title="bbox 395 488 1680 549; baseline -0.003 -17"><span class='ocrx_word' id='word_1_32' title='bbox 395 489 506 534; x_wconf 86' lang='lat' dir='ltr'>lium</span> <span class='ocrx_word' id='word_1_33' title='bbox 539 494 831 549; x_wconf 73' lang='lat' dir='ltr'>comparauit,</span> <span class='ocrx_word' id='word_1_34' title='bbox 857 493 966 532; x_wconf 80' lang='lat' dir='ltr'>vnde</span> <span class='ocrx_word' id='word_1_35' title='bbox 999 489 1188 542; x_wconf 84' lang='lat' dir='ltr'>apparuit</span> <span class='ocrx_word' id='word_1_36' title='bbox 1208 517 1221 539; x_wconf 91' lang='lat'>‚</span> <span class='ocrx_word' id='word_1_37' title='bbox 1253 499 1451 542; x_wconf 82' lang='lat' dir='ltr'>quantum</span> <span class='ocrx_word' id='word_1_38' title='bbox 1487 490 1527 530; x_wconf 89' lang='lat' dir='ltr'>in</span> <span class='ocrx_word' id='word_1_39' title='bbox 1564 488 1680 530; x_wconf 86' lang='lat' dir='ltr'>leone</span> 
     </span>
     <span class='ocr_line' id='line_1_6' title="bbox 394 552 1682 613; baseline -0.002 -16"><span class='ocrx_word' id='word_1_40' title='bbox 394 558 619 599; x_wconf 69' lang='lat' dir='ltr'>ventriculi</span> <span class='ocrx_word' id='word_1_41' title='bbox 652 556 919 613; x_wconf 83' lang='lat' dir='ltr'>proportione</span> <span class='ocrx_word' id='word_1_42' title='bbox 957 553 1091 593; x_wconf 88' lang='lat' dir='ltr'>cordis</span> <span class='ocrx_word' id='word_1_43' title='bbox 1141 552 1268 594; x_wconf 89' lang='lat' dir='ltr'>totius</span> <span class='ocrx_word' id='word_1_44' title='bbox 1320 554 1522 604; x_wconf 85' lang='lat' dir='ltr'>maiores,</span> <span class='ocrx_word' id='word_1_45' title='bbox 1573 563 1682 594; x_wconf 85' lang='lat' dir='ltr'>arte-</span> 
     </span>
     <span class='ocr_line' id='line_1_7' title="bbox 394 616 1679 674; baseline -0.004 -13"><span class='ocrx_word' id='word_1_46' title='bbox 394 620 480 664; x_wconf 82' lang='lat' dir='ltr'>riae</span> <span class='ocrx_word' id='word_1_47' title='bbox 519 633 619 664; x_wconf 78' lang='lat' dir='ltr'>vero</span> <span class='ocrx_word' id='word_1_48' title='bbox 669 618 939 674; x_wconf 87' lang='lat' dir='ltr'>proportione</span> <span class='ocrx_word' id='word_1_49' title='bbox 987 616 1314 658; x_wconf 85' lang='lat' dir='ltr'>ventriculorum</span> <span class='ocrx_word' id='word_1_50' title='bbox 1369 617 1545 658; x_wconf 86' lang='lat' dir='ltr'>minores</span> <span class='ocrx_word' id='word_1_51' title='bbox 1601 616 1679 657; x_wconf 80' lang='lat' dir='ltr'>sint</span> 
     </span>
     <span class='ocr_line' id='line_1_8' title="bbox 393 678 1679 737; baseline -0.002 -13"><span class='ocrx_word' id='word_1_52' title='bbox 393 695 518 737; x_wconf 87' lang='lat' dir='ltr'>quam</span> <span class='ocrx_word' id='word_1_53' title='bbox 552 687 595 725; x_wconf 89' lang='lat' dir='ltr'>in</span> <span class='ocrx_word' id='word_1_54' title='bbox 645 684 740 725; x_wconf 81' lang='lat' dir='ltr'>aliis</span> <span class='ocrx_word' id='word_1_55' title='bbox 788 678 1048 722; x_wconf 82' lang='lat' dir='ltr'>animalibus.</span> <span class='ocrx_word' id='word_1_56' title='bbox 1142 680 1279 722; x_wconf 87' lang='lat' dir='ltr'>Media</span> <span class='ocrx_word' id='word_1_57' title='bbox 1326 683 1456 722; x_wconf 88' lang='lat' dir='ltr'>cordis</span> <span class='ocrx_word' id='word_1_58' title='bbox 1505 679 1679 722; x_wconf 86' lang='lat' dir='ltr'>humani</span> 
     </span>
     <span class='ocr_line' id='line_1_9' title="bbox 395 743 1683 800; baseline -0.002 -13"><span class='ocrx_word' id='word_1_59' title='bbox 395 746 615 800; x_wconf 78' lang='lat' dir='ltr'>longitudo</span> <span class='ocrx_word' id='word_1_60' title='bbox 648 759 680 796; x_wconf 87' lang='lat'>4</span> <span class='ocrx_word' id='word_1_61' title='bbox 715 743 918 800; x_wconf 89' lang='lat' dir='ltr'>pollicum</span> <span class='ocrx_word' id='word_1_62' title='bbox 961 752 1003 783; x_wconf 89' lang='lat' dir='ltr'>et</span> <span class='ocrx_word' id='word_1_63' title='bbox 1058 756 1112 785; x_wconf 86' lang='grc' dir='ltr'>ιο</span> <span class='ocrx_word' id='word_1_64' title='bbox 1169 743 1402 796; x_wconf 86' lang='lat' dir='ltr'>linearum,</span> <span class='ocrx_word' id='word_1_65' title='bbox 1453 746 1683 785; x_wconf 87' lang='lat' dir='ltr'>circumfe-</span> 
     </span>
     <span class='ocr_line' id='line_1_10' title="bbox 396 806 1682 860; baseline -0.002 -9"><span class='ocrx_word' id='word_1_66' title='bbox 396 811 530 851; x_wconf 79' lang='lat' dir='ltr'>rentia</span> <span class='ocrx_word' id='word_1_67' title='bbox 564 808 837 850; x_wconf 80' lang='lat' dir='ltr'>transuerlalis</span> <span class='ocrx_word' id='word_1_68' title='bbox 870 817 1008 849; x_wconf 84' lang='lat' dir='ltr'>autem</span> <span class='ocrx_word' id='word_1_69' title='bbox 1052 817 1106 846; x_wconf 87' lang='lat'>10</span> <span class='ocrx_word' id='word_1_70' title='bbox 1143 806 1344 860; x_wconf 88' lang='lat' dir='ltr'>pollicum</span> <span class='ocrx_word' id='word_1_71' title='bbox 1377 808 1441 849; x_wconf 88' lang='lat' dir='ltr'>est.</span> <span class='ocrx_word' id='word_1_72' title='bbox 1509 808 1682 849; x_wconf 77' lang='lat' dir='ltr'>Ventri-</span> 
     </span>
     <span class='ocr_line' id='line_1_11' title="bbox 394 870 1682 927; baseline 0.001 -13"><span class='ocrx_word' id='word_1_73' title='bbox 394 873 516 915; x_wconf 85' lang='lat' dir='ltr'>culus</span> <span class='ocrx_word' id='word_1_74' title='bbox 547 875 690 916; x_wconf 85' lang='lat' dir='ltr'>dexter</span> <span class='ocrx_word' id='word_1_75' title='bbox 726 884 801 927; x_wconf 92' lang='lat' dir='ltr'>pro</span> <span class='ocrx_word' id='word_1_76' title='bbox 835 871 910 912; x_wconf 88' lang='lat' dir='ltr'>hac</span> <span class='ocrx_word' id='word_1_77' title='bbox 947 870 1078 913; x_wconf 85' lang='lat' dir='ltr'>cordis</span> <span class='ocrx_word' id='word_1_78' title='bbox 1112 871 1396 923; x_wconf 86' lang='lat' dir='ltr'>magnitudine</span> <span class='ocrx_word' id='word_1_79' title='bbox 1426 873 1682 925; x_wconf 86' lang='lat' dir='ltr'>longitudine</span> 
     </span>
     <span class='ocr_line' id='line_1_12' title="bbox 395 934 1682 992; baseline 0.001 -14"><span class='ocrx_word' id='word_1_80' title='bbox 395 938 542 990; x_wconf 82' lang='lat' dir='ltr'>gaudet</span> <span class='ocrx_word' id='word_1_81' title='bbox 599 949 625 986; x_wconf 76' lang='lat' dir='ltr'>a</span> <span class='ocrx_word' id='word_1_82' title='bbox 677 936 779 992; x_wconf 86' lang='lat' dir='ltr'>poll.</span> <span class='ocrx_word' id='word_1_83' title='bbox 828 941 850 977; x_wconf 84' lang='grc'><strong>8</strong></span> <span class='ocrx_word' id='word_1_84' title='bbox 886 936 962 977; x_wconf 88' lang='lat' dir='ltr'>lin.</span> <span class='ocrx_word' id='word_1_85' title='bbox 997 944 1038 976; x_wconf 89' lang='lat' dir='ltr'>et</span> <span class='ocrx_word' id='word_1_86' title='bbox 1074 934 1395 977; x_wconf 84' lang='lat' dir='ltr'>circumferentia</span> <span class='ocrx_word' id='word_1_87' title='bbox 1434 947 1472 985; x_wconf 83' lang='grc' dir='ltr'>ς.</span> <span class='ocrx_word' id='word_1_88' title='bbox 1510 935 1612 991; x_wconf 87' lang='lat' dir='ltr'>poll.</span> <span class='ocrx_word' id='word_1_89' title='bbox 1651 948 1682 986; x_wconf 75' lang='grc'>4-</span> 
     </span>
     <span class='ocr_line' id='line_1_13' title="bbox 395 998 1683 1053; baseline -0.002 -11"><span class='ocrx_word' id='word_1_90' title='bbox 395 1000 472 1044; x_wconf 82' lang='lat' dir='ltr'>lin.</span> <span class='ocrx_word' id='word_1_91' title='bbox 556 999 610 1041; x_wconf 88' lang='lat' dir='ltr'>In</span> <span class='ocrx_word' id='word_1_92' title='bbox 658 1003 779 1043; x_wconf 89' lang='lat' dir='ltr'>corde</span> <span class='ocrx_word' id='word_1_93' title='bbox 820 998 951 1041; x_wconf 87' lang='lat' dir='ltr'>leonis</span> <span class='ocrx_word' id='word_1_94' title='bbox 989 998 1156 1052; x_wconf 83' lang='lat' dir='ltr'>igitur,</span> <span class='ocrx_word' id='word_1_95' title='bbox 1204 1012 1304 1041; x_wconf 89' lang='lat' dir='ltr'>cum</span> <span class='ocrx_word' id='word_1_96' title='bbox 1341 1002 1429 1041; x_wconf 89' lang='lat' dir='ltr'>eius</span> <span class='ocrx_word' id='word_1_97' title='bbox 1466 999 1683 1053; x_wconf 86' lang='lat' dir='ltr'>longitudo</span> 
     </span>
     <span class='ocr_line' id='line_1_14' title="bbox 398 1063 1680 1118; baseline -0.003 -12"><span class='ocrx_word' id='word_1_98' title='bbox 398 1063 450 1106; x_wconf 86' lang='lat' dir='ltr'>fit</span> <span class='ocrx_word' id='word_1_99' title='bbox 489 1073 511 1115; x_wconf 82' lang='grc'><em>5</em></span> <span class='ocrx_word' id='word_1_100' title='bbox 549 1063 646 1118; x_wconf 86' lang='lat' dir='ltr'>poll.</span> <span class='ocrx_word' id='word_1_101' title='bbox 686 1077 710 1114; x_wconf 83' lang='lat'>3</span> <span class='ocrx_word' id='word_1_102' title='bbox 749 1064 817 1106; x_wconf 81' lang='lat' dir='ltr'>lin.</span> <span class='ocrx_word' id='word_1_103' title='bbox 854 1074 893 1105; x_wconf 90' lang='lat' dir='ltr'>et</span> <span class='ocrx_word' id='word_1_104' title='bbox 925 1065 1250 1105; x_wconf 76' lang='lat' dir='ltr'>circumferentia</span> <span class='ocrx_word' id='word_1_105' title='bbox 1293 1077 1341 1102; x_wconf 82' lang='lat'>11</span> <span class='ocrx_word' id='word_1_106' title='bbox 1395 1065 1489 1118; x_wconf 80' lang='lat' dir='ltr'>poll.</span> <span class='ocrx_word' id='word_1_107' title='bbox 1532 1080 1555 1113; x_wconf 82' lang='lat'><strong>4</strong></span> <span class='ocrx_word' id='word_1_108' title='bbox 1605 1063 1680 1104; x_wconf 86' lang='lat' dir='ltr'>lin.</span> 
     </span>
     <span class='ocr_line' id='line_1_15' title="bbox 399 1126 1683 1179; baseline -0.002 -10"><span class='ocrx_word' id='word_1_109' title='bbox 399 1127 657 1169; x_wconf 76' lang='lat' dir='ltr'>ventriculus</span> <span class='ocrx_word' id='word_1_110' title='bbox 703 1129 845 1168; x_wconf 83' lang='lat' dir='ltr'>dexter</span> <span class='ocrx_word' id='word_1_111' title='bbox 866 1155 877 1175; x_wconf 90' lang='lat'>‚</span> <span class='ocrx_word' id='word_1_112' title='bbox 929 1126 1122 1179; x_wconf 80' lang='lat' dir='ltr'>siquidem</span> <span class='ocrx_word' id='word_1_113' title='bbox 1159 1128 1227 1167; x_wconf 78' lang='lat' dir='ltr'>iste</span> <span class='ocrx_word' id='word_1_114' title='bbox 1262 1138 1367 1166; x_wconf 85' lang='lat' dir='ltr'>nunc</span> <span class='ocrx_word' id='word_1_115' title='bbox 1399 1129 1449 1169; x_wconf 64' lang='lat' dir='ltr'>ad&gt;</span> <span class='ocrx_word' id='word_1_116' title='bbox 1480 1140 1548 1167; x_wconf 89' lang='lat' dir='ltr'>cor</span> <span class='ocrx_word' id='word_1_117' title='bbox 1582 1139 1683 1166; x_wconf 77' lang='lat' dir='ltr'>ean-</span> 
     </span>
     <span class='ocr_line' id='line_1_16' title="bbox 401 1188 1681 1245; baseline -0.002 -12"><span class='ocrx_word' id='word_1_118' title='bbox 401 1192 496 1233; x_wconf 88' lang='lat' dir='ltr'>dem</span> <span class='ocrx_word' id='word_1_119' title='bbox 532 1203 655 1245; x_wconf 83' lang='lat' dir='ltr'>quam</span> <span class='ocrx_word' id='word_1_120' title='bbox 691 1191 733 1231; x_wconf 92' lang='lat' dir='ltr'>in</span> <span class='ocrx_word' id='word_1_121' title='bbox 768 1190 936 1231; x_wconf 87' lang='lat' dir='ltr'>homine</span> <span class='ocrx_word' id='word_1_122' title='bbox 971 1192 1169 1237; x_wconf 82' lang='lat' dir='ltr'>rationem</span> <span class='ocrx_word' id='word_1_123' title='bbox 1208 1188 1405 1242; x_wconf 85' lang='lat' dir='ltr'>haberet,</span> <span class='ocrx_word' id='word_1_124' title='bbox 1456 1191 1681 1244; x_wconf 86' lang='lat' dir='ltr'>longitudi-</span> 
     </span>
     <span class='ocr_line' id='line_1_17' title="bbox 403 1253 1679 1306; baseline -0.003 -9"><span class='ocrx_word' id='word_1_125' title='bbox 403 1267 455 1297; x_wconf 89' lang='lat' dir='ltr'>ne</span> <span class='ocrx_word' id='word_1_126' title='bbox 486 1253 562 1296; x_wconf 84' lang='lat' dir='ltr'>effe</span> <span class='ocrx_word' id='word_1_127' title='bbox 593 1254 756 1295; x_wconf 84' lang='lat' dir='ltr'>deberet</span> <span class='ocrx_word' id='word_1_128' title='bbox 795 1265 819 1302; x_wconf 84' lang='lat'><strong>3</strong></span> <span class='ocrx_word' id='word_1_129' title='bbox 859 1254 957 1306; x_wconf 89' lang='lat' dir='ltr'>poll.</span> <span class='ocrx_word' id='word_1_130' title='bbox 1001 1267 1054 1295; x_wconf 93' lang='lat'>10</span> <span class='ocrx_word' id='word_1_131' title='bbox 1090 1253 1162 1294; x_wconf 88' lang='lat' dir='ltr'>liu.</span> <span class='ocrx_word' id='word_1_132' title='bbox 1198 1265 1238 1294; x_wconf 92' lang='lat' dir='ltr'>et</span> <span class='ocrx_word' id='word_1_133' title='bbox 1283 1255 1607 1295; x_wconf 84' lang='lat' dir='ltr'>circumferentia</span> <span class='ocrx_word' id='word_1_134' title='bbox 1649 1257 1679 1293; x_wconf 90' lang='lat'>6</span> 
     </span>
     <span class='ocr_line' id='line_1_18' title="bbox 400 1316 1681 1373; baseline 0 -13"><span class='ocrx_word' id='word_1_135' title='bbox 400 1316 501 1373; x_wconf 86' lang='lat' dir='ltr'>poll.</span> <span class='ocrx_word' id='word_1_136' title='bbox 586 1317 665 1360; x_wconf 90' lang='lat' dir='ltr'>Sed</span> <span class='ocrx_word' id='word_1_137' title='bbox 718 1318 928 1359; x_wconf 80' lang='lat' dir='ltr'>inuenitur</span> <span class='ocrx_word' id='word_1_138' title='bbox 978 1317 1230 1370; x_wconf 82' lang='lat' dir='ltr'>longitudine</span> <span class='ocrx_word' id='word_1_139' title='bbox 1276 1331 1308 1368; x_wconf 88' lang='lat'>4</span> <span class='ocrx_word' id='word_1_140' title='bbox 1343 1318 1438 1372; x_wconf 90' lang='lat' dir='ltr'>poll.</span> <span class='ocrx_word' id='word_1_141' title='bbox 1471 1330 1497 1369; x_wconf 94' lang='lat'>7</span> <span class='ocrx_word' id='word_1_142' title='bbox 1532 1318 1603 1358; x_wconf 91' lang='lat' dir='ltr'>lin.</span> <span class='ocrx_word' id='word_1_143' title='bbox 1638 1328 1681 1360; x_wconf 89' lang='lat' dir='ltr'>et</span> 
     </span>
     <span class='ocr_line' id='line_1_19' title="bbox 402 1379 1681 1436; baseline 0.001 -14"><span class='ocrx_word' id='word_1_144' title='bbox 402 1382 734 1424; x_wconf 81' lang='lat' dir='ltr'>circumferentia</span> <span class='ocrx_word' id='word_1_145' title='bbox 771 1397 799 1435; x_wconf 90' lang='lat'><em>9</em></span> <span class='ocrx_word' id='word_1_146' title='bbox 833 1380 931 1434; x_wconf 87' lang='lat' dir='ltr'>poli.</span> <span class='ocrx_word' id='word_1_147' title='bbox 966 1385 996 1421; x_wconf 93' lang='lat'>6</span> <span class='ocrx_word' id='word_1_148' title='bbox 1031 1379 1105 1422; x_wconf 90' lang='lat' dir='ltr'>lin.</span> <span class='ocrx_word' id='word_1_149' title='bbox 1170 1382 1366 1436; x_wconf 86' lang='lat' dir='ltr'>Adeoque</span> <span class='ocrx_word' id='word_1_150' title='bbox 1425 1381 1681 1424; x_wconf 86' lang='lat' dir='ltr'>ventriculus</span> 
     </span>
     <span class='ocr_line' id='line_1_20' title="bbox 401 1445 1684 1501; baseline 0 -14"><span class='ocrx_word' id='word_1_151' title='bbox 401 1447 544 1488; x_wconf 80' lang='lat' dir='ltr'>dexter</span> <span class='ocrx_word' id='word_1_152' title='bbox 579 1447 620 1487; x_wconf 89' lang='lat' dir='ltr'>in</span> <span class='ocrx_word' id='word_1_153' title='bbox 656 1445 771 1486; x_wconf 90' lang='lat' dir='ltr'>leone</span> <span class='ocrx_word' id='word_1_154' title='bbox 803 1446 945 1499; x_wconf 85' lang='lat' dir='ltr'>quinta</span> <span class='ocrx_word' id='word_1_155' title='bbox 984 1448 1062 1486; x_wconf 78' lang='lat' dir='ltr'>iere</span> <span class='ocrx_word' id='word_1_156' title='bbox 1097 1453 1207 1500; x_wconf 85' lang='lat' dir='ltr'>patte</span> <span class='ocrx_word' id='word_1_157' title='bbox 1244 1449 1507 1501; x_wconf 87' lang='lat' dir='ltr'>proportione</span> <span class='ocrx_word' id='word_1_158' title='bbox 1555 1447 1684 1498; x_wconf 30' lang='lat' dir='ltr'>cord-is</span> 
     </span>
     <span class='ocr_line' id='line_1_21' title="bbox 403 1509 1683 1565; baseline 0.002 -15"><span class='ocrx_word' id='word_1_159' title='bbox 403 1509 570 1563; x_wconf 85' lang='lat' dir='ltr'>longior</span> <span class='ocrx_word' id='word_1_160' title='bbox 607 1522 731 1564; x_wconf 87' lang='lat' dir='ltr'>quam</span> <span class='ocrx_word' id='word_1_161' title='bbox 768 1510 809 1549; x_wconf 89' lang='lat' dir='ltr'>in</span> <span class='ocrx_word' id='word_1_162' title='bbox 847 1509 1015 1551; x_wconf 84' lang='lat' dir='ltr'>homine</span> <span class='ocrx_word' id='word_1_163' title='bbox 1038 1541 1048 1561; x_wconf 91' lang='lat'>,</span> <span class='ocrx_word' id='word_1_164' title='bbox 1081 1521 1122 1551; x_wconf 90' lang='lat' dir='ltr'>et</span> <span class='ocrx_word' id='word_1_165' title='bbox 1156 1509 1245 1565; x_wconf 85' lang='lat' dir='ltr'>plus</span> <span class='ocrx_word' id='word_1_166' title='bbox 1279 1524 1403 1564; x_wconf 84' lang='lat' dir='ltr'>quam</span> <span class='ocrx_word' id='word_1_167' title='bbox 1439 1511 1557 1552; x_wconf 86' lang='lat' dir='ltr'>tertia</span> <span class='ocrx_word' id='word_1_168' title='bbox 1593 1524 1683 1565; x_wconf 83' lang='lat' dir='ltr'>par-</span> 
     </span>
     <span class='ocr_line' id='line_1_22' title="bbox 405 1572 1685 1628; baseline 0 -13"><span class='ocrx_word' id='word_1_169' title='bbox 405 1582 445 1615; x_wconf 88' lang='lat' dir='ltr'>te</span> <span class='ocrx_word' id='word_1_170' title='bbox 478 1573 661 1628; x_wconf 87' lang='lat' dir='ltr'>amplior</span> <span class='ocrx_word' id='word_1_171' title='bbox 694 1572 757 1614; x_wconf 77' lang='lat' dir='ltr'>esi.</span> <span class='ocrx_word' id='word_1_172' title='bbox 825 1573 892 1614; x_wconf 92' lang='lat' dir='ltr'>Ne</span> <span class='ocrx_word' id='word_1_173' title='bbox 928 1585 1027 1614; x_wconf 88' lang='lat' dir='ltr'>vero</span> <span class='ocrx_word' id='word_1_174' title='bbox 1062 1573 1158 1614; x_wconf 80' lang='lat' dir='ltr'>haec</span> <span class='ocrx_word' id='word_1_175' title='bbox 1195 1576 1410 1616; x_wconf 77' lang='lat' dir='ltr'>differentia</span> <span class='ocrx_word' id='word_1_176' title='bbox 1433 1607 1445 1625; x_wconf 86' lang='lat'>‚</span> <span class='ocrx_word' id='word_1_177' title='bbox 1494 1587 1594 1628; x_wconf 86' lang='lat' dir='ltr'>quae</span> <span class='ocrx_word' id='word_1_178' title='bbox 1629 1577 1685 1616; x_wconf 84' lang='lat' dir='ltr'>sa-</span> 
     </span>
     <span class='ocr_line' id='line_1_23' title="bbox 403 1636 1685 1693; baseline 0.001 -15"><span class='ocrx_word' id='word_1_179' title='bbox 403 1649 454 1679; x_wconf 87' lang='lat' dir='ltr'>ne</span> <span class='ocrx_word' id='word_1_180' title='bbox 508 1637 696 1680; x_wconf 82' lang='lat' dir='ltr'>notabilis</span> <span class='ocrx_word' id='word_1_181' title='bbox 733 1636 832 1687; x_wconf 75' lang='lat' dir='ltr'>esi,</span> <span class='ocrx_word' id='word_1_182' title='bbox 884 1638 1073 1691; x_wconf 85' lang='lat' dir='ltr'>paruitati</span> <span class='ocrx_word' id='word_1_183' title='bbox 1125 1642 1255 1693; x_wconf 87' lang='lat' dir='ltr'>potius</span> <span class='ocrx_word' id='word_1_184' title='bbox 1301 1640 1519 1680; x_wconf 86' lang='lat' dir='ltr'>ventriculi</span> <span class='ocrx_word' id='word_1_185' title='bbox 1553 1639 1685 1679; x_wconf 84' lang='lat' dir='ltr'>cordis</span> 
     </span>
     <span class='ocr_line' id='line_1_24' title="bbox 403 1701 1685 1754; baseline 0.001 -13"><span class='ocrx_word' id='word_1_186' title='bbox 403 1701 613 1753; x_wconf 84' lang='lat' dir='ltr'>humani,</span> <span class='ocrx_word' id='word_1_187' title='bbox 661 1713 783 1754; x_wconf 82' lang='lat' dir='ltr'>quam</span> <span class='ocrx_word' id='word_1_188' title='bbox 836 1703 1108 1753; x_wconf 84' lang='lat' dir='ltr'>magnitudini</span> <span class='ocrx_word' id='word_1_189' title='bbox 1146 1703 1296 1744; x_wconf 74' lang='lat' dir='ltr'>leonini</span> <span class='ocrx_word' id='word_1_190' title='bbox 1332 1704 1573 1744; x_wconf 71' lang='lat' dir='ltr'>adscribenda</span> <span class='ocrx_word' id='word_1_191' title='bbox 1609 1702 1685 1743; x_wconf 81' lang='lat' dir='ltr'>effe</span> 
     </span>
     <span class='ocr_line' id='line_1_25' title="bbox 404 1765 1684 1821; baseline -0.002 -15"><span class='ocrx_word' id='word_1_192' title='bbox 404 1766 625 1813; x_wconf 79' lang='lat' dir='ltr'>videatur,</span> <span class='ocrx_word' id='word_1_193' title='bbox 678 1765 930 1806; x_wconf 79' lang='lat' dir='ltr'>ventriculus</span> <span class='ocrx_word' id='word_1_194' title='bbox 964 1766 1169 1806; x_wconf 84' lang='lat' dir='ltr'>humanus</span> <span class='ocrx_word' id='word_1_195' title='bbox 1205 1778 1328 1821; x_wconf 89' lang='lat' dir='ltr'>porro</span> <span class='ocrx_word' id='word_1_196' title='bbox 1360 1778 1461 1807; x_wconf 83' lang='lat' dir='ltr'>cum·</span> <span class='ocrx_word' id='word_1_197' title='bbox 1490 1766 1612 1806; x_wconf 83' lang='lat' dir='ltr'>felino</span> <span class='ocrx_word' id='word_1_198' title='bbox 1643 1776 1684 1805; x_wconf 90' lang='lat' dir='ltr'>et</span> 
     </span>
     <span class='ocr_line' id='line_1_26' title="bbox 405 1829 1681 1881; baseline -0.001 -12"><span class='ocrx_word' id='word_1_199' title='bbox 405 1829 586 1871; x_wconf 78' lang='lat' dir='ltr'>vitulino</span> <span class='ocrx_word' id='word_1_200' title='bbox 619 1839 883 1879; x_wconf 80' lang='lat' dir='ltr'>comparatus</span> <span class='ocrx_word' id='word_1_201' title='bbox 916 1831 982 1871; x_wconf 82' lang='lat' dir='ltr'>est.</span> <span class='ocrx_word' id='word_1_202' title='bbox 1062 1830 1209 1870; x_wconf 82' lang='lat' dir='ltr'>Felino</span> <span class='ocrx_word' id='word_1_203' title='bbox 1244 1829 1474 1869; x_wconf 88' lang='lat' dir='ltr'>ventriculo</span> <span class='ocrx_word' id='word_1_204' title='bbox 1510 1841 1681 1881; x_wconf 82' lang='lat' dir='ltr'>propor-</span> 
     </span>
     <span class='ocr_line' id='line_1_27' title="bbox 405 1891 1682 1945; baseline 0.002 -13"><span class='ocrx_word' id='word_1_205' title='bbox 405 1893 518 1937; x_wconf 81' lang='lat' dir='ltr'>tione</span> <span class='ocrx_word' id='word_1_206' title='bbox 569 1892 722 1931; x_wconf 89' lang='lat' dir='ltr'>corculi</span> <span class='ocrx_word' id='word_1_207' title='bbox 770 1892 828 1931; x_wconf 89' lang='lat' dir='ltr'>sui</span> <span class='ocrx_word' id='word_1_208' title='bbox 881 1892 929 1931; x_wconf 87' lang='lat' dir='ltr'>ad</span> <span class='ocrx_word' id='word_1_209' title='bbox 981 1903 1168 1931; x_wconf 86' lang='lat' dir='ltr'>normam</span> <span class='ocrx_word' id='word_1_210' title='bbox 1207 1891 1427 1932; x_wconf 82' lang='lat' dir='ltr'>humanam</span> <span class='ocrx_word' id='word_1_211' title='bbox 1460 1891 1682 1945; x_wconf 83' lang='lat' dir='ltr'>iongitudo</span> 
     </span>
     <span class='ocr_line' id='line_1_28' title="bbox 405 1953 1680 2007; baseline 0.002 -11"><span class='ocrx_word' id='word_1_212' title='bbox 405 1956 480 1996; x_wconf 82' lang='lat' dir='ltr'>effe</span> <span class='ocrx_word' id='word_1_213' title='bbox 513 1953 700 1995; x_wconf 71' lang='lat' dir='ltr'>debuisset</span> <span class='ocrx_word' id='word_1_214' title='bbox 745 1967 798 1992; x_wconf 84' lang='lat'>12</span> <span class='ocrx_word' id='word_1_215' title='bbox 837 1954 906 1993; x_wconf 91' lang='lat' dir='ltr'>lin.</span> <span class='ocrx_word' id='word_1_216' title='bbox 949 1964 989 1994; x_wconf 89' lang='lat' dir='ltr'>et</span> <span class='ocrx_word' id='word_1_217' title='bbox 1039 1955 1269 2007; x_wconf 86' lang='lat' dir='ltr'>amplitudo</span> <span class='ocrx_word' id='word_1_218' title='bbox 1327 1960 1401 2005; x_wconf 62' lang='lat'>152-</span> <span class='ocrx_word' id='word_1_219' title='bbox 1451 1955 1522 1996; x_wconf 83' lang='lat' dir='ltr'>lin,</span> <span class='ocrx_word' id='word_1_220' title='bbox 1605 1956 1680 1998; x_wconf 89' lang='lat' dir='ltr'>Sed</span> 
     </span>
     <span class='ocr_line' id='line_1_29' title="bbox 407 2016 1681 2068; baseline 0 -9"><span class='ocrx_word' id='word_1_221' title='bbox 407 2018 477 2060; x_wconf 76' lang='lat' dir='ltr'>illa</span> <span class='ocrx_word' id='word_1_222' title='bbox 536 2016 692 2058; x_wconf 80' lang='lat' dir='ltr'>nonnist</span> <span class='ocrx_word' id='word_1_223' title='bbox 748 2031 802 2058; x_wconf 85' lang='lat'>10</span> <span class='ocrx_word' id='word_1_224' title='bbox 840 2017 910 2058; x_wconf 83' lang='lat' dir='ltr'>lin.</span> <span class='ocrx_word' id='word_1_225' title='bbox 944 2016 1039 2058; x_wconf 86' lang='lat' dir='ltr'>haec</span> <span class='ocrx_word' id='word_1_226' title='bbox 1076 2019 1358 2060; x_wconf 83' lang='lat' dir='ltr'>tantummodo</span> <span class='ocrx_word' id='word_1_227' title='bbox 1399 2023 1469 2068; x_wconf 64' lang='lat'>11}</span> <span class='ocrx_word' id='word_1_228' title='bbox 1507 2021 1576 2061; x_wconf 91' lang='lat' dir='ltr'>lin.</span> <span class='ocrx_word' id='word_1_229' title='bbox 1617 2021 1681 2059; x_wconf 87' lang='lat' dir='ltr'>in-</span> 
     </span>
     <span class='ocr_line' id='line_1_30' title="bbox 408 2081 1736 2136; baseline 0.002 -14"><span class='ocrx_word' id='word_1_230' title='bbox 408 2092 531 2122; x_wconf 85' lang='lat' dir='ltr'>venta</span> <span class='ocrx_word' id='word_1_231' title='bbox 566 2082 642 2121; x_wconf 82' lang='lat' dir='ltr'>fuit</span> <span class='ocrx_word' id='word_1_232' title='bbox 727 2081 967 2130; x_wconf 70' lang='lat' dir='ltr'>vitulinus,</span> <span class='ocrx_word' id='word_1_233' title='bbox 1001 2083 1070 2132; x_wconf 81' lang='lat' dir='ltr'>qui</span> <span class='ocrx_word' id='word_1_234' title='bbox 1106 2081 1355 2133; x_wconf 80' lang='lat' dir='ltr'>longitudine</span> <span class='ocrx_word' id='word_1_235' title='bbox 1394 2095 1416 2132; x_wconf 80' lang='grc'>3</span> <span class='ocrx_word' id='word_1_236' title='bbox 1454 2085 1547 2136; x_wconf 79' lang='lat' dir='ltr'>poll.</span> <span class='ocrx_word' id='word_1_237' title='bbox 1572 2087 1586 2132; x_wconf 69' lang='grc' dir='ltr'><em>ξ</em></span> <span class='ocrx_word' id='word_1_238' title='bbox 1609 2083 1680 2125; x_wconf 88' lang='lat' dir='ltr'>lin.</span> <span class='ocrx_word' id='word_1_239' title='bbox 1732 2098 1736 2102; x_wconf 87' lang='grc'><em>·</em></span> 
     </span>
     <span class='ocr_line' id='line_1_31' title="bbox 408 2144 1684 2202; baseline -0.001 -14"><span class='ocrx_word' id='word_1_240' title='bbox 408 2155 452 2188; x_wconf 89' lang='lat' dir='ltr'>et</span> <span class='ocrx_word' id='word_1_241' title='bbox 485 2145 759 2202; x_wconf 58' lang='lat' dir='ltr'>amplitudine</span> <span class='ocrx_word' id='word_1_242' title='bbox 795 2158 824 2196; x_wconf 79' lang='lat'>4</span> <span class='ocrx_word' id='word_1_243' title='bbox 857 2145 956 2202; x_wconf 85' lang='lat' dir='ltr'>poll.</span> <span class='ocrx_word' id='word_1_244' title='bbox 996 2149 1039 2197; x_wconf 58' lang='lat'>:3³¹</span> <span class='ocrx_word' id='word_1_245' title='bbox 1077 2144 1148 2189; x_wconf 88' lang='lat' dir='ltr'>lin.</span> <span class='ocrx_word' id='word_1_246' title='bbox 1182 2148 1256 2189; x_wconf 83' lang='lat' dir='ltr'>esse</span> <span class='ocrx_word' id='word_1_247' title='bbox 1302 2148 1495 2189; x_wconf 82' lang='lat' dir='ltr'>debuiffet</span> <span class='ocrx_word' id='word_1_248' title='bbox 1517 2179 1531 2202; x_wconf 87' lang='lat'>,</span> <span class='ocrx_word' id='word_1_249' title='bbox 1580 2161 1684 2188; x_wconf 89' lang='lat' dir='ltr'>non-</span> 
     </span>
    </p>

    <p class='ocr_par' dir='ltr' id='par_1_3' title="bbox 1604 2211 1677 2254">
     <span class='ocr_line' id='line_1_32' title="bbox 1604 2211 1677 2254; baseline 0.027 -2"><span class='ocrx_word' id='word_1_250' title='bbox 1604 2211 1677 2254; x_wconf 77' lang='lat' dir='ltr'>nisi</span> 
     </span>
    </p>
   </div>
  </div>
 </body>
</html>
