1852 2730
502 169 740 220 amns
791 169 875 217 IN
929 171 1181 218 Tv131s.
1398 188 1485 227 327

203 295 426 346 deficiant,
478 295 620 350 quibus
653 294 832 336 eiusdem
867 294 980 335 vocis
1031 293 1166 347 plures
1217 290 1477 346 repetitiones

205 362 296 403 satis
331 359 516 401 distinete
551 362 764 413 eduntur,
806 357 968 400 nullum
1019 359 1074 399 est
1124 356 1291 399 dubium
1314 388 1325 408 ,
1375 358 1475 412 quin

201 437 343 467 earum
377 425 488 465 causa
523 424 564 464 in
609 424 732 467 simili
767 424 869 464 ae'ris
919 422 1140 475 agitatione
1189 421 1354 475 qualem
1409 420 1475 461 hic

201 490 338 530 sumus
370 489 670 539 contempiati‚
723 487 771 529 sit
820 487 1053 543 quaerenda.
1136 487 1293 528 Deinde
1348 487 1474 527 etiam

203 555 447 594 resonantiae
483 553 590 590 ratio
636 552 730 591 hinc
784 552 1037 603 potissimum
1092 551 1288 606 explicari
1340 550 1478 593 debere

207 619 369 658 videtur
402 613 561 656 etiamsi
603 614 778 653 laterum
836 617 918 655 tubi
973 626 1144 667 natura,
1188 626 1382 669 qnatenus
1431 616 1476 656 ab

202 684 292 722 ae're
326 680 486 719 interno
528 675 649 716 simul
705 687 866 716 motum
920 679 1190 718 vibratorium
1244 680 1477 734 recipiunt,

200 759 250 785 eo
281 754 360 782 non
392 750 539 796 parum
573 743 762 782 conserat.
825 739 1031 782 Praeterea
1064 753 1114 781 ex
1151 745 1477 795 praecedentibus

192 806 284 847 satis
316 807 370 847 est
405 804 686 846 manifestum‘
725 803 787 843 his
822 803 971 844 similia
1007 803 1287 858 phaenomena
1309 809 1475 861 prodire

194 871 335 910 debere
356 901 367 921 ,
408 870 436 910 ss
471 871 585 910 tubus
621 870 814 922 vtrinque
848 867 1004 908 clausus
1038 870 1257 922 accipiatur
1278 902 1288 920 ‚
1341 871 1474 924 pulsus

192 935 304 976 enim
341 935 515 977 deriuati
551 936 665 987 super
704 945 777 973 axe
819 934 961 973 eodem
1015 933 1133 988 piane
1186 936 1310 975 modo
1360 943 1478 976 erunt

195 998 398 1051 dispositi,
434 999 510 1039 hoc
548 1009 708 1039 tantum
742 996 993 1049 discrimine,
1030 1000 1138 1052 quod
1167 996 1234 1038 hic
1254 999 1476 1053 applicatae

193 1072 212 1103 τ
232 1074 254 1101 n
286 1074 337 1102 ex
367 1061 640 1105 celeritatibus
675 1071 795 1102 natae
828 1061 1060 1102 alternatim
1114 1063 1218 1104 infra
1267 1074 1307 1103 et
1356 1064 1474 1117 supra

193 1138 314 1166 axem
349 1127 535 1169 collocari
569 1127 767 1168 debeant:
799 1137 925 1179 neque
958 1137 1058 1176 ergo
1091 1137 1192 1178 opus
1245 1128 1319 1166 effe
1370 1127 1471 1166 arbi—

191 1200 281 1230 tror
315 1202 362 1232 vt
397 1189 504 1231 hunc
537 1191 670 1231 casum
709 1188 869 1230 seorsim
905 1189 1112 1230 euoluam.
1195 1188 1294 1231 Inde
1330 1202 1469 1238 autem

190 1265 274 1293 non
310 1256 621 1296 contemnendae
654 1253 960 1294 dilucidationes
993 1267 1069 1308 pro
1105 1262 1220 1294 motu
1248 1266 1471 1308 tympano-

187 1329 285 1358 rum
320 1319 493 1359 deriuari
530 1328 746 1371 poterunt3
782 1317 854 1357 etfi
887 1318 998 1358 enim
1040 1319 1300 1359 membranae
1327 1319 1467 1371 quibus

188 1392 383 1434 tympana
418 1392 644 1434 teguntur,
691 1392 918 1433 eorumque
950 1381 1073 1422 latera
1111 1382 1256 1422 sonum
1311 1382 1466 1436 potiffi-

190 1457 307 1484 mum
346 1447 638 1495 moderantur,
690 1454 824 1486 tamen
862 1446 902 1485 in
957 1446 1052 1488 ae're
1105 1446 1260 1488 incluso
1307 1460 1465 1500 quoque

189 1508 293 1546 ratio
325 1510 541 1560 repetionis
573 1510 762 1562 pulsuum
797 1512 1015 1562 quaerenda
1071 1511 1248 1552 videtur.
1313 1511 1464 1565 Super·

190 1571 243 1608 cst
281 1571 406 1621 igitur
443 1574 482 1611 in
538 1572 611 1613 hoc
666 1573 798 1624 capite
849 1584 1043 1623 tantum,
1103 1586 1147 1614 vt
1199 1575 1462 1624 agitationem

187 1634 290 1672 a'c'ris
326 1635 364 1673 in
402 1636 504 1675 tubis
537 1647 587 1673 ex
621 1634 744 1674 altera
781 1645 895 1689 parte
930 1636 1086 1689 clausis,
1115 1650 1166 1679 ex
1201 1637 1327 1679 altera
1369 1651 1465 1680 vero

186 1697 337 1750 apertis
368 1699 670 1752 inuestigcmus.

542 1807 903 1867 Problema
994 1827 1088 1884 77.

341 1921 411 1960 53.
446 1910 489 1952 Si
523 1910 636 1951 tubus
674 1913 892 1964 aequaliter
925 1914 1083 1967 amplus
1118 1914 1301 1957 AABB
1333 1916 1455 1957 fuerit
1483 1926 1573 1962 Tab.
1600 1929 1656 1965 VI.

180 1974 223 2015 in
258 1975 387 2016 altero
421 1976 602 2016 termino
637 1976 672 2015 Α
694 1976 738 2016 A
773 1988 933 2032 apertus
957 2011 968 2030 ,
1005 1979 1045 2018 in
1079 1979 1208 2021 altero
1242 1990 1340 2020 vero
1373 1980 1455 2023 BB
1480 1977 1554 2023 Fig.
1583 1984 1643 2026 83·

178 2040 331 2079 clausus
366 2050 483 2093 atque
519 2040 559 2080 in
595 2041 646 2080 eo
677 2039 725 2080 ad
760 2051 776 2081 t
814 2042 947 2097 pulsus
982 2045 1215 2096 quicunque
1249 2044 1364 2084 suerit
1385 2056 1455 2085 ex-

176 2104 351 2157 citatus,
383 2104 468 2145 eius
501 2106 838 2161 propagationem
876 2109 918 2148 in
954 2107 1049 2150 tubo
1081 2109 1336 2161 inuestigare.

1279 2206 1451 2251 Solutio.
