1852 2730
422 194 516 236 342
837 178 950 221 DE
1017 178 1282 221 MOTV

416 295 519 337 solui
555 293 823 337 oscillationes
854 285 965 352 51-3,
1001 290 1072 345 qui
1107 301 1305 334 numerus
1339 290 1464 333 fimul
1508 305 1692 339 naturam

419 371 505 410 soni
541 368 634 408 hinc
669 367 769 408 editi
800 364 976 407 exhibet.

833 473 1154 533 CorolL
1244 495 1284 533 n

570 577 631 624 67
680 571 851 629 Quando
890 585 989 627 ergo
1040 574 1157 616 tubus
1205 586 1257 616 ex
1307 575 1430 616 altera
1478 585 1590 631 parte
1645 576 1699 619 est

416 637 570 679 clausus
604 637 781 689 singulae
814 638 1079 680 oscillationes
1124 639 1249 694 duplo
1305 639 1467 692 longius
1522 643 1698 692 durant,

413 713 540 757 quam
577 701 605 742 fi
639 703 746 743 idem
782 703 899 743 tubus
929 704 1122 757 vtrinque
1156 704 1253 744 effet
1289 715 1448 758 apertus
1471 735 1482 754 ,
1533 708 1699 746 eodem-

418 779 498 821 que
533 776 746 821 ptopoerea
782 776 968 820 tempore
1000 768 1218 808 dimidium
1263 777 1420 808 tantum
1473 768 1697 810 oscillatio-

416 843 521 871 num
558 842 784 872 numerum
819 830 1000 874 absoluit.
1075 831 1154 873 Seu
1191 832 1308 872 tubus
1339 843 1390 872 ex
1423 832 1548 872 altera
1585 843 1697 885 parte

415 894 577 936 elautus
611 896 753 935 sonum
788 907 869 935 vna
905 895 1051 942 ostana
1081 897 1165 938 edit
1197 898 1463 949 grauiorem,
1518 907 1636 950 quam
1667 894 1695 936 si

413 958 510 1003 offet
545 960 737 1013 vtrinque
770 969 941 1014 apertus,

835 1069 944 1129 Co
973 1069 1159 1128 roll.
1251 1090 1300 1129 ρ.

572 1164 645 1212 68».
698 1165 793 1211 Soni
843 1178 979 1210 autem
1037 1168 1104 1210 hic
1154 1181 1279 1226 aeque
1332 1178 1452 1224 atque
1501 1169 1543 1210 in
1594 1169 1699 1210 tubis

420 1233 612 1286 vtrinque
646 1233 797 1285 apertis
830 1235 934 1273 inter
967 1233 1003 1272 se
1039 1243 1173 1272 tenent
1207 1238 1406 1275 rationem
1450 1235 1694 1282 reciprocam

418 1295 727 1348 longitudinum
750 1326 761 1344 ‚
796 1297 847 1333 im
885 1305 930 1334 vt
962 1307 1045 1346 quo
1081 1297 1199 1334 tubus
1234 1295 1353 1336 fuerit
1384 1294 1570 1345 longior,
1609 1296 1695 1334 cius

421 1358 542 1397 sonus
575 1370 624 1397 eo
656 1359 814 1397 futurus
848 1355 898 1396 sit
931 1358 1120 1408 grauior3
1155 1359 1260 1398 vnde
1294 1357 1322 1398 si
1359 1357 1442 1396 tubi
1482 1357 1696 1408 longitudo

421 1422 562 1462 sonum
599 1418 635 1461 C
668 1421 820 1462 edentis
857 1419 905 1460 sit
940 1423 1121 1471 cognita,
1155 1434 1254 1474 quae
1290 1423 1362 1461 hoc
1394 1420 1484 1460 casu
1518 1422 1625 1472 quasi
1665 1435 1694 1470 4

420 1485 499 1524 crit
532 1485 684 1536 pedum
707 1516 718 1534 ‚
753 1498 828 1537 pro
857 1485 1047 1523 omnibus
1085 1485 1247 1539 reliquis
1282 1484 1384 1525 sonis
1420 1481 1585 1522 musicis
1605 1484 1697 1524 lon-

418 1549 569 1602 gitudo
602 1547 718 1590 facile
751 1549 1018 1600 assignabitur.

777 1655 1206 1717 Scholion.
1298 1678 1339 1716 L

575 1768 647 1815 69.
686 1764 766 1807 Hic
802 1776 938 1808 autern
977 1770 1151 1820 primam
1188 1765 1458 1817 agitationem
1508 1776 1588 1807 non
1642 1764 1696 1805 ita

422 1831 731 1872 accommodare
768 1829 863 1873 licet
889 1862 900 1882 ‚
933 1840 979 1870 vt
1015 1830 1278 1873 oscillationes
1309 1827 1439 1881 duplo
1474 1826 1572 1870 fiant
1615 1830 1696 1868 sre-

424 1894 686 1948 quentiorcs,
738 1895 1084 1947 quemadmodum
1121 1894 1161 1933 in
1194 1893 1281 1931 casu
1318 1891 1510 1932 tuborum
1563 1892 1696 1932 vtrin-

425 1970 505 2011 que
538 1968 775 2011 apertorum
813 1959 884 1997 vsu
920 1960 1031 1998 venit
1053 1988 1066 2008 ‚
1116 1955 1145 1996 fi
1186 1955 1296 1994 enim
1331 1953 1398 1994 hic
1431 1956 1571 1996 iisdem
1608 1967 1695 1996 rna-

427 2023 609 2061 uentibus
640 2020 748 2061 scalis
781 2022 878 2066 tubo
916 2021 1216 2074 longitudinem
1250 2018 1415 2072 duplam
1450 2019 1566 2061 AA'
1620 2021 1697 2059 tri-

427 2083 597 2124 buamus
630 2093 807 2138 cumque
857 2083 896 2123 in
943 2086 1001 2125 ΑΙ
1052 2083 1230 2124 clausum
1284 2094 1512 2135 ponamus,
1563 2081 1695 2135 figura

428 2147 551 2190 scalae
587 2147 856 2196 celeritatum,
887 2160 988 2200 quae
1021 2149 1061 2188 in
1100 2146 1297 2200 punQum
1334 2144 1398 2184 Af
1431 2147 1601 2187 incidere
1628 2150 1695 2188 de-

1589 2212 1696 2251 beret
