1852 2730
273 1292 361 1330 Tab.
378 1293 453 1330 XV.

469 156 564 213 '526
709 155 804 202 DE
868 153 1483 200 HERMAPnRomTO.

469 271 681 312 firmatum
708 301 718 320 ,
764 279 803 310 ct
839 271 1071 323 perinacum
1105 271 1410 324 quodammodo
1442 280 1591 310 cauum
1626 272 1739 313 facile

466 337 699 390 persuadent
733 334 967 385 cliirurgis‚
1015 337 1154 375 virum
1192 334 1311 374 illum
1348 345 1388 374 et
1422 336 1614 375 feminam
1649 337 1738 377 effe.

467 399 653 453 Iplorum
705 399 934 438 testimonio
982 399 1202 444 absoluitur
1256 401 1358 440 sorte
1393 397 1589 439 militiam
1621 410 1737 440 exet-

465 463 579 503 cendi
612 473 652 503 ct
687 463 911 502 remittitur
943 464 989 503 ad
1024 474 1196 516 penates.

615 556 787 597 Interim
835 557 1131 598 Illustriffimus
1182 558 1368 612 Georgius
1422 557 1643 599 Andr-cades
1693 558 1739 598 de

464 617 655 674 Goloffzyn
678 650 688 669 ‚
725 621 884 661 Praetor
921 622 1126 671 militaris,
1163 623 1294 677 Eque*
1314 623 1367 663 St.
1404 624 1548 663 Annae
1583 633 1623 662 et
1658 633 1739 673 gu-

463 683 649 722 bernator
686 684 1183 740 Areliangelopolitanus,
1219 688 1354 727 audita
1397 686 1470 728 hac
1510 687 1643 726 minus
1678 687 1739 726 so-

466 745 536 785 lita
574 749 753 798 partium
789 751 1106 791 conformatione
1130 783 1141 800 ‚
1197 751 1301 792 iussit
1335 752 1520 792 iuuenem
1571 750 1616 789 ad
1672 760 1739 790 me

466 811 642 861 adduci,
675 824 796 865 quam
833 825 910 864 ego
941 815 1188 856 occationem
1227 816 1389 865 nauus,
1435 814 1571 867 paucis
1605 824 1738 854 extet-

465 886 561 913 nam
597 879 774 928 partium
813 878 1150 934 descriptionem,
1199 880 1329 923 addita
1375 880 1421 919 ad
1471 880 1621 919 viuum
1673 878 1738 917 de·

465 938 571 992 pidia
607 940 718 982 icone
750 940 922 983 absoluo.

619 1035 750 1088 Regio
785 1037 899 1091 pubis
933 1047 1015 1078 erat
1051 1041 1211 1091 turgida
1242 1049 1282 1082 et
1314 1039 1464 1082 eleuata
1501 1047 1547 1078 vt
1582 1037 1622 1078 in
1646 1037 1739 1078 sexu

467 1097 647 1139 feminco
681 1099 769 1141 fieri
804 1102 932 1151 solot3
981 1103 1086 1143 coles
1120 1105 1304 1144 flaccidus
1340 1108 1439 1144 duos
1483 1102 1649 1156 pollices
1701 1110 1742 1142 et

468 1171 545 1202 tres
579 1161 707 1204 lineas
744 1165 922 1215 longus,
977 1166 1058 1206 fine
1091 1181 1212 1209 coeco
1244 1171 1516 1216 terminatus3
1565 1176 1740 1218 praepu-

468 1226 574 1265 tium
612 1227 662 1266 ob
693 1229 893 1269 defec‘ium
931 1229 1076 1270 fremui
1111 1231 1296 1281 glandem
1339 1243 1418 1270 non
1441 1229 1604 1278 tegebar.
1638 1225 1740 1266 Ori-

470 1287 613 1328 ficium
651 1290 838 1331 vrethrae
876 1290 935 1333 (A
956 1291 1010 1344 A)
1045 1293 1294 1343 imperuium
1329 1303 1367 1331 ct
1404 1292 1572 1329 incilura
1629 1288 1738 1343 quasi

468 1361 654 1391 notatum
689 1355 766 1403 (a)
801 1355 893 1394 inde
928 1356 1142 1396 secundum
1179 1365 1303 1395 totam
1341 1354 1639 1406 longitudinem
1674 1366 1741 1393 co-

469 1415 519 1455 lis
558 1416 818 1468 inferiorem,
871 1415 937 1456 vbi
978 1418 1135 1460 Natura
1168 1417 1353 1459 vrethrae
1396 1417 1619 1466 designauit
1676 1416 1741 1456 lo-

467 1490 595 1530 cum,
645 1491 832 1520 exaratus
878 1492 962 1520 crat
1015 1481 1145 1522 sulcus
1197 1491 1322 1534 vsqne
1372 1480 1417 1519 ad
1467 1477 1573 1518 bafin
1624 1479 1737 1519 colis.

470 1542 591 1582 Hunc
627 1545 714 1584 viae
751 1545 950 1584 vrinariae
984 1544 1184 1585 defectum
1209 1573 1221 1593 ,
1270 1542 1515 1595 adimplebat
1570 1542 1741 1583 forami-

469 1605 651 1655 nulum,
686 1620 767 1660 quo
802 1609 915 1646 vrina
953 1608 1090 1647 emitti
1128 1609 1241 1660 poffit
1264 1639 1276 1656 ,
1328 1608 1416 1647 loco
1467 1607 1627 1660 prorsus
1680 1607 1741 1648 in-

470 1671 694 1720 consueto,
745 1672 945 1710 nimirum
997 1673 1044 1712 ad
1079 1671 1325 1724 superiorem
1367 1670 1544 1724 perinaci
1583 1681 1738 1723 partem

468 1731 548 1782 (Β),
583 1735 688 1785 quod
727 1734 898 1774 rimulae
932 1735 1050 1776 instar
1084 1733 1224 1775 hiabat.
1290 1735 1423 1775 Totus
1458 1735 1632 1788 perinaei
1667 1735 1738 1776 de-

469 1799 605 1837 cursus
639 1809 726 1838 crat
760 1811 879 1838 cauus
903 1831 913 1849 ‚
950 1811 1049 1853 quae
1085 1799 1232 1839 cauitas
1266 1797 1501 1838 adhaerente
1537 1808 1647 1852 parte
1682 1799 1740 1841 la-

469 1861 581 1900 terali
619 1862 738 1903 scroti
777 1861 894 1916 (dd)
929 1864 1171 1914 augebatur,
1227 1863 1279 1902 ita
1316 1873 1360 1902 vt
1391 1863 1519 1903 obiter
1571 1863 1738 1916 speciata

471 1925 695 1975 imaginem
730 1928 909 1979 partium
946 1927 1193 1968 naturalium
1231 1927 1526 1967 foemincarum
1564 1938 1654 1979 prae
1703 1930 1739 1969 se

470 1991 601 2029 ferret.
685 1989 873 2031 Scrotum
911 1993 1041 2043 ipsum
1079 1993 1191 2046 supra
1225 1988 1328 2031 basin
1363 1992 1464 2032 colis
1497 1990 1704 2032 firmatum
1727 2021 1739 2042 ‚

472 2051 664 2104 nulloque
700 2056 807 2107 septo
841 2055 1086 2096 intermedio
1130 2054 1360 2096 distind‘tum
1412 2056 1510 2095 dilos
1563 2056 1742 2096 succulos

472 2114 706 2158 efformabant
742 2146 753 2168 ‚
818 2117 889 2173 qui
941 2120 1206 2172 praesentibus
1256 2118 1444 2160 testiculis
1490 2119 1739 2172 homineque

1602 2184 1740 2226 ercao
