1852 2730
418 169 732 216 PENDVLI
784 168 1147 217 SIMPLICIS.
1320 183 1406 231 383

281 292 395 336 Idem
428 302 529 333 vero
563 288 788 345 pendulum
828 289 868 331 in
905 289 1044 331 eadem
1082 290 1282 347 temperie
1311 294 1414 334 neris

130 359 288 402 Parisiis
325 361 438 399 iuxta
471 357 750 410 experimenta
794 355 944 397 abbatis
977 355 1024 396 de
1057 357 1095 399 la
1131 356 1254 400 Caille
1287 358 1415 413 spatio

131 426 211 467 diei
244 422 394 466 Solaris
427 421 554 463 medii
593 420 760 463 conficit
815 423 973 472 86454
1004 421 1081 464 osc.
1119 433 1160 464 et
1195 423 1414 476 longitudo

132 489 300 546 penduli
336 485 482 528 ibidem
528 486 583 528 est
635 494 825 538 440,55
865 485 937 527 lin.
1025 487 1161 544 Quare
1212 487 1420 542 Longitu-

134 556 188 597 do
243 551 405 608 penduli
460 550 586 593 Kolae
623 550 801 615 ⁴minuta
851 551 1020 593 secunda
1071 553 1286 595 indicantis
1337 551 1422 596 erit

138 633 256 668 440,
289 613 712 679 55*(8—6543:-)‘—
981 660 987 667 .
1361 660 1368 667 .

269 676 636 742 (864545—-—
659 690 710 696 -
736 671 847 711 441,
868 660 927 709 46
962 657 1031 700 lin.
1084 671 1183 712 quae
1234 672 1256 700 a
1307 669 1422 716 prius

136 760 300 799 inuenta
333 755 466 797 differt
501 758 549 802 {5²2-
585 752 665 795 lin.
734 753 845 795 Cum
882 767 981 796 vero
1013 757 1292 808 experimenta
1323 769 1425 810 pen-

136 823 236 864 dulo
273 821 442 876 simplici
478 820 714 861 instituenda
749 821 967 861 maioribus
1001 818 1309 861 difficultatibus
1345 819 1424 861 sint

136 888 307 931 obnoxiu
328 919 339 938 ‚
373 898 494 939 quam
529 897 630 938 quae
667 885 844 939 pendulo
878 885 1106 925 inuuriabili
1148 894 1426 937 peraguntur,

137 951 440 1003 longitudinem
479 951 645 1004 penduli
690 949 807 1003 supra
842 949 1056 992 inuentam
1091 948 1260 991 veritati
1297 948 1430 1003 magis

138 1014 212 1058 effe
247 1018 547 1058 consentaneam
583 1013 790 1057 existimo.

294 1145 394 1187 Kola
428 1146 519 1187 naui
556 1146 698 1188 vectus
735 1143 1115 1200 Archangelopolin
1151 1143 1319 1199 pei-ueni
1361 1145 1428 1188 die

147 1218 198 1257 ις
241 1211 426 1262 Augusti.
503 1213 681 1251 Animus
732 1211 783 1251 ibi
830 1212 906 1251 fuit
956 1222 977 1251 a
1013 1210 1075 1251 De
1123 1203 1248 1251 l’Islio
1297 1209 1344 1250 de
1393 1209 1431 1252 la

141 1272 308 1322 Croyere
340 1274 663 1324 Longitudinem
700 1274 864 1327 penduli
921 1272 1119 1327 simplicis
1167 1286 1272 1314 anno
1314 1280 1430 1323 1728

142 1337 352 1377 inuentam
389 1337 567 1391 propriis
600 1337 894 1391 experimentis
929 1338 1230 1390 comprobare;
1281 1350 1435 1380 verum

142 1402 354 1454 negotium
393 1402 467 1443 hoc
503 1414 549 1443 ea
593 1413 669 1456 qua
723 1413 794 1456 par
842 1402 897 1443 est
949 1402 1191 1442 certitudine
1242 1400 1438 1455 perficere

147 1477 228 1505 non
264 1466 394 1518 potui.
436 1467 603 1507 Motum
644 1466 849 1518 horologii
885 1465 1146 1508 astronomici
1193 1469 1436 1519 cognoscere

143 1528 309 1581 cupiens
333 1559 344 1578 ,
378 1530 502 1582 spatio
534 1532 711 1573 duarum
747 1529 1048 1572 hebdomadum
1095 1529 1261 1571 nullum
1316 1541 1433 1583 prae-

150 1591 301 1633 termisi
358 1593 462 1635 diem
487 1623 498 1643 ‚
549 1596 647 1646 quin
684 1605 870 1646 caperem
910 1603 1002 1634 ante
1037 1595 1251 1636 meridiem
1288 1593 1436 1634 altitu-

150 1657 259 1698 dines
308 1656 444 1707 Solis,
502 1669 648 1697 verum
704 1657 789 1710 post
843 1657 1060 1698 meridiem
1110 1658 1174 1698 die
1220 1661 1275 1698 28
1323 1659 1435 1711 Aug.

151 1731 314 1762 tantum
349 1721 732 1775 correspondentes,
783 1731 821 1761 et
871 1722 1050 1776 sequenti
1105 1733 1225 1762 mane
1277 1724 1437 1763 easdem

147 1798 286 1838 capere
342 1786 499 1835 licuit,
549 1786 605 1826 ita
651 1795 696 1826 vt
738 1786 872 1827 exiis
926 1787 1139 1828 meridiem
1196 1796 1344 1827 verum
1395 1797 1438 1831 et

153 1850 328 1890 mediam
366 1849 527 1889 nostem
581 1851 724 1891 elicere
746 1881 756 1901 ‚
790 1851 966 1904 indeque
1003 1859 1166 1892 motum
1221 1849 1435 1903 horologii

155 1913 322 1956 stabilire
356 1915 475 1955 fuerit
510 1912 550 1955 in
603 1915 806 1969 potestate.
892 1914 975 1957 En'
1011 1917 1109 1972 ipsas
1162 1913 1434 1958 altitudinum

153 1979 454 2021 obseruationes.

1357 2236 1444 2281 Die
