1852 2730
433 222 518 268 DE
569 215 773 265 CORDE
829 215 1060 264 LEONIS.
1299 231 1389 275 4517

105 337 297 393 pauciora
353 341 414 382 sed
465 341 651 382 crassiora
685 352 705 380 a
739 338 896 381 lacertis
928 337 1114 390 carneis,
1148 351 1218 380 nec
1256 338 1395 379 vllum
1416 340 1608 375 EGJJZJ·

105 415 284 454 eorurn,
338 415 384 446 vt
436 404 524 446 fieri
580 404 678 446 solet
713 405 754 447 in
792 404 995 454 homine,
1058 405 1100 445 in
1135 403 1396 458 superficiem

104 470 189 510 eins
224 470 473 512 exteriorem
510 469 733 523 inseritur,
784 470 844 511 sed
882 470 1021 510 omnia
1057 471 1099 510 in
1136 470 1266 526 ipsum
1308 472 1395 510 eius

105 534 336 585 marginem
374 535 609 576 fluitantem
648 536 682 577 se
718 536 991 585 immittunt3
1044 535 1152 575 vnde
1201 536 1392 576 valuulac

104 598 258 639 alicnus
309 598 465 641 habitus
499 603 644 640 oritur.
731 600 778 642 ln
815 599 1126 642 (emilunaribus
1161 598 1267 641 nihil
1312 601 1396 650 cst,

106 664 214 717 quod
263 666 395 706 notari
453 676 648 705 meretur.

260 761 379 816 Quod
415 761 745 812 magnitudinem
780 771 918 802 autem
977 762 1122 802 attinet
1174 760 1395 804 ventriculi
1420 759 1618 813 De-magni·

111 825 250 866 sinistri
276 858 285 876 ‚
329 839 372 866 ea
410 827 647 867 tantundem
686 838 763 866 non
805 826 958 876 modo,
1011 837 1214 879 quantum
1261 827 1394 866 dextri
1419 806 1598 894 {ffi‘ss‘r‘ffcuu

108 890 328 931 ventriculi
365 892 640 943 magnitudo,
688 891 750 931 scd
791 890 918 942 magis
959 891 1086 930 etiam
1144 890 1395 940 magnitudi-
1419 907 1544 944 sinistri.

111 967 202 995 nem
241 955 408 997 humani
441 967 482 997 et
517 957 629 997 felini
669 955 893 996 ventriculi
930 955 1120 1009 superat,
1162 954 1294 1006 adeo,
1346 963 1394 996 vt

111 1018 369 1070 singularitas
403 1020 495 1062 haec
532 1023 572 1061 in
608 1020 842 1062 ventriculo
877 1019 1033 1062 finiliro
1069 1019 1201 1072 magis
1222 1017 1394 1071 eluceat,

109 1096 230 1136 quam
273 1086 311 1125 in
346 1086 500 1127 dextro.
568 1086 642 1126 Sed
678 1098 754 1124 vna
793 1095 924 1123 tamen
960 1085 1002 1124 in
1038 1097 1088 1124 eo
1121 1084 1261 1125 ordine
1298 1097 1394 1137 pro-

106 1151 281 1199 cedendi,
313 1163 393 1201 quo
431 1153 519 1191 vsus
554 1149 641 1189 snm
679 1150 722 1188 in
755 1148 1000 1188 aestimando
1035 1145 1269 1189 ventriculo
1297 1149 1397 1189 dex-

105 1223 196 1262 tro,
229 1225 266 1254 ct
302 1227 424 1267 quem
462 1216 508 1256 ad
543 1213 746 1254 sinistrum
783 1224 888 1252 nnnc
922 1212 1161 1266 applicabo,
1214 1213 1393 1253 occurrit

101 1278 358 1326 obseruatio,
394 1291 518 1331 quam
555 1279 659 1316 forte
697 1289 773 1316 vna
811 1287 977 1317 mecum
1017 1275 1122 1316 haud
1168 1276 1394 1328 exspectas·

99 1341 167 1381 ses.
240 1342 295 1381 Ea
332 1341 385 1381 est
420 1340 641 1381 ventriculi
678 1339 812 1380 cordis
846 1339 1020 1380 vitulini
1057 1340 1388 1381 circumferentia

98 1405 254 1446 interna
276 1434 287 1455 ,
340 1417 440 1458 quae
489 1406 654 1458 quidem
694 1401 811 1445 nullo
849 1404 973 1444 modo
1007 1403 1184 1458 aequalis
1219 1404 1273 1445 est
1306 1406 1390 1445 cir-

96 1471 392 1514 cumferentiae
434 1469 654 1511 ventricuii
691 1469 847 1518 leonis,
883 1481 1012 1522 neque
1037 1470 1267 1523 comparari
1291 1480 1388 1511 cum

99 1544 142 1570 ea
196 1534 349 1585 potest3
398 1534 458 1573 sed
511 1545 646 1575 tamen
702 1532 871 1574 humani
907 1532 1128 1575 ventriculi
1162 1532 1390 1576 circumte-

103 1595 279 1635 rentiam
318 1599 583 1649 proportione
616 1599 806 1650 superat,
860 1599 969 1649 quod
1002 1611 1051 1639 eo
1087 1597 1218 1649 magis
1262 1600 1389 1639 mira-

104 1668 167 1701 tus
201 1662 284 1699 sum
311 1688 321 1708 ,
370 1672 467 1700 cum
503 1660 690 1700 crassities
727 1661 887 1713 parietis
923 1660 1045 1701 huius
1081 1662 1307 1703 ventriculi
1345 1662 1388 1702 in

103 1723 239 1764 vitulo
274 1725 454 1764 enormis
486 1723 533 1763 fit
567 1732 605 1763 et
640 1722 756 1762 illam
795 1723 835 1762 in
872 1722 1042 1764 homine
1078 1723 1217 1765 multo
1268 1727 1387 1778 supe-

99 1799 172 1829 rer.
245 1788 459 1841 Exponam
496 1797 632 1827 autem
667 1787 967 1830 obseruationes
1004 1789 1105 1843 ipsas
1137 1799 1178 1828 et
1222 1801 1389 1843 compa-

100 1854 307 1902 rationes,
361 1864 443 1907 quo
492 1851 632 1894 ordine
681 1852 836 1893 casdem
891 1853 938 1894 de
979 1853 1211 1896 ventriculo
1241 1854 1387 1896 dextro

100 1916 308 1973 proposui.

255 2014 302 2056 In
337 2013 505 2056 homine
538 2014 668 2070 priori
712 2014 840 2068 igitur
893 2015 1111 2071 longitudo
1159 2016 1382 2061 ventriculi
1404 2016 1607 2063 Magnitudo

100 2078 242 2120 sinistri
277 2082 418 2122 eodem
457 2079 534 2120 huc
569 2092 696 2134 vsque
732 2081 881 2122 vfitato
920 2084 1043 2124 modo
1077 2084 1212 2127 sumta
1248 2096 1270 2124 a
1305 2083 1380 2125 basi
1400 2067 1602 2153 ὲζιὲζῗὶνξᾶῑ·

97 2144 362 2186 valuularnm
397 2144 706 2187 semilunarium
743 2158 866 2199 vsque
899 2147 946 2189 ad
1004 2147 1166 2200 apicem
1220 2150 1380 2190 ventri·
1401 2180 1460 2202 cor
1483 2168 1599 2203 huma-

92 2209 176 2251 culi
207 2209 381 2265 aequalis
413 2210 580 2254 inuenta
615 2210 693 2254 suit
729 2222 753 2263 3
790 2209 890 2268 poll.
928 2222 959 2264 4
993 2211 1066 2254 lin.
1144 2210 1197 2253 In
1231 2212 1377 2258 homi·
1398 2229 1599 2275 num-com-⁴

1325 2287 1378 2319 ne
1397 2276 1512 2316 parnt»
